2961 3750
630 492 672 527 et
698 486 844 526 deinde
872 485 1027 526 duobus
1051 487 1190 538 (1003)
1209 484 1394 525 versibus
1415 497 1495 525 non
1517 483 1769 538 obiurgando
1791 491 1835 524 ut
1853 490 1989 536 antea,
2022 484 2094 526 sed
2114 486 2244 527 lenius
2263 485 2515 527 adhortando

629 559 807 594 atrocem
833 553 1066 594 Promethei
1091 553 1270 593 animum
1295 552 1458 605 placare
1484 557 1667 601 conatur,
1696 552 1764 604 qui
1788 558 1928 609 tamen
1950 564 1999 590 ea
2020 558 2221 605 precepta
2243 553 2376 591 acrius
2396 552 2517 591 etiam

632 622 674 658 et
699 617 886 658 acerbius
913 617 1068 673 respuit
1090 618 1417 670 (1005—1010].
1460 617 1561 657 Haec
1588 623 1722 657 autem
1750 622 1934 657 extrema
1958 630 2049 657 cum
2078 623 2119 658 et
2143 618 2234 672 ipsa
2262 617 2403 659 decem
2428 630 2517 657 ver-

631 684 744 726 sibus
772 685 893 735 (1001
911 708 954 716 -
973 684 1094 735 1010)
1120 684 1417 732 contineantur,
1453 684 1587 723 nescio
1621 696 1675 722 an
1709 683 1892 722 consulto
1917 683 2067 723 ultimis
2095 697 2182 736 quae
2209 685 2517 724 memoravimus

631 750 725 801 (991
741 773 786 781 -
802 751 921 801 1000)
946 749 1180 790 Ptomethei
1204 748 1405 790 mandatis
1430 749 1544 802 paria
1568 761 1659 788 esse
1686 748 1858 788 voluerit
1882 748 2124 801 Aeschylus.

736 813 993 867 Quamquam
1019 827 1111 854 cum
1137 815 1215 871 hoc
1241 819 1328 854 tum
1358 814 1436 854 alia
1469 813 1679 863 nonnulla,
1715 826 1803 867 quae
1830 819 1951 854 erunt
1982 814 2069 854 sine
2096 813 2217 855 dubio
2244 815 2312 868 qui
2337 813 2518 867 argutius

633 895 752 933 quam
780 881 917 920 verius
944 895 1010 921 me
1035 881 1181 921 iecisse
1209 883 1402 931 clament,
1431 896 1512 922 non
1538 883 1592 921 ita
1619 881 1788 934 protuli,
1820 880 1935 933 quasi
1964 880 2188 919 certissima
2210 879 2375 919 inventa
2402 892 2518 933 spon-

634 941 768 995 deam,
798 945 871 986 sed
897 952 941 987 ut
969 947 1012 987 in
1038 947 1144 988 hanc
1171 961 1331 1000 quoque
1356 948 1519 1000 tragicae
1547 948 1643 987 artis
1676 952 1833 1000 partem
1866 960 1949 986 non
1984 960 2081 985 sane
2111 945 2378 986 futilissimam
2405 960 2519 986 accu-

634 1012 757 1051 ratius
784 1025 905 1066 quam
940 1012 1030 1053 fieri
1065 1012 1168 1053 solet
1198 1013 1480 1067 inquirendum
1507 1025 1597 1053 esse
1622 1024 1842 1052 monerem.
1878 1012 1953 1052 'At
1978 1026 2060 1052 non
2086 1012 2247 1052 omnino
2275 1012 2417 1053 saltem
2442 1011 2519 1052 dis-

633 1077 787 1130 plicere
822 1078 945 1118 velim
980 1079 1307 1119 ratiocinationes
1345 1092 1457 1119 meas
1501 1078 1823 1131 ingeniosissimo
1863 1078 2100 1132 Aeschyleae
2144 1079 2240 1119 artis
2281 1079 2432 1119 arbitro
2473 1093 2520 1119 ac

634 1143 856 1183 restitutori
895 1143 1216 1184 FRIDERICO
1259 1142 1592 1184 THEOPHILO
1633 1142 1980 1194 WELOKERO,
2023 1146 2087 1185 cui
2127 1145 2261 1185 oblata
2300 1145 2376 1185 hac
2416 1159 2519 1185 com-

634 1208 843 1248 mentandi
900 1209 1200 1262 opportunitate
1262 1209 1571 1249 semisoecularia
1623 1208 1798 1249 muneris
1856 1209 2073 1250 academici
2125 1211 2246 1262 longe
2298 1210 2521 1251 clarissima

633 1271 867 1314 RECTOR
909 1273 986 1314 ET
1026 1274 1289 1315 SENATVS
1327 1274 1610 1315 Vniversitatis
1651 1280 1798 1314 nostrae
1838 1275 2112 1316 venerabundi
2153 1290 2310 1316 mecum
2356 1291 2520 1329 congra-

634 1339 825 1378 tulantur.
1396 1348 1401 1352 ”
2474 1368 2479 1374 .
