2961 3750
1424 341 1695 387 -8-

611 459 794 513 sequenti
820 459 966 499 fabulas
993 465 1109 512 parte
1136 457 1408 511 coniungendi
1443 464 1554 507 sunt,
1592 471 1668 497 nec
1703 458 1834 511 magis
1872 458 1922 498 ad
1955 463 2135 499 nostram
2161 471 2248 499 rem
2276 461 2496 512 pertinent,

581 577 585 581 .
612 540 733 579 quam
761 539 860 578 quos
889 531 1013 578 supra
1038 523 1289 577 negleximus
1315 538 1354 563 v,
1382 525 1511 564 273-
1524 525 1610 563 278.

711 591 816 631 Aliis
842 588 1083 644 quibusdam
1108 601 1368 629 numerorum
1393 588 1551 642 legibus
1579 587 1763 629 Oceani
1789 594 1927 644 partes
1955 590 2267 632 accommodatae
2296 598 2399 631 sunt.
2434 592 2499 632 Ac

609 658 784 709 primum
811 670 902 694 cum
928 655 1105 708 quinque
1132 639 1318 694 v⁸ersibus
1345 653 1411 694 ille
1438 653 1757 694 adhortationem
1781 668 1895 695 suam
1920 657 2177 708 (309—331)
2201 656 2393 707 finiverit,
2420 657 2498 696 cle-

609 720 801 760 mentiam
828 734 872 759 se
898 719 928 760 J
929 720 1015 759 ovis
1043 719 1245 759 aditurum
1273 719 1437 771 eiusque
1463 719 1710 761 iracundiam
1738 720 1939 772 placatum
1963 722 2022 761 ire
2045 723 2304 775 promittens,
2330 722 2497 762 totidem

609 786 794 827 versibus
821 792 863 826 et
887 785 1177 826 Prometheum
1204 785 1555 826 animadvertimus
1583 786 1794 839 aspernari
1821 786 1997 828 oblatum
2024 787 2218 828 auxilium
2243 788 2498 839 (332-336)

609 860 649 893 et
675 853 885 894 Oceanum
910 852 1177 893 confidentius
1207 852 1328 892 etiam
1355 864 1468 904 spem
1502 865 1614 891 suam
1648 852 1690 891 in
1725 853 1916 894 facilitate
1943 853 2062 894 Jovis
2088 852 2262 907 positam
2288 853 2496 895 declarare

606 919 872 971 (337—341).
924 917 1147 972 Postquam
1173 924 1309 959 autem
1343 923 1512 970 uterque
1545 917 1640 970 quid
1666 918 1732 958 vel
1758 919 1905 960 eonfiat
1928 919 1995 959 vel
2021 926 2157 972 speret
2182 919 2381 972 copiosius
2409 932 2495 959 ora-

608 983 783 1024 tionibus
811 984 957 1023 elocuti
984 991 1094 1034 sunt,
1131 985 1219 1036 ipsa
1252 985 1536 1026 sententiarum
1572 985 1686 1038 quasi
1722 985 1855 1038 capita
1885 985 2024 1038 paucis
2052 986 2107 1026 ita
2132 984 2494 1038 comprehendunt,

609 1055 651 1089 ut
677 1049 791 1090 initio
819 1049 981 1102 quidem
1006 1049 1133 1089 semel
1160 1049 1265 1089 binis
1302 1056 1467 1103 uterque
1502 1050 1685 1090 versibus
1712 1050 1763 1090 de
1789 1057 2014 1104 opportuno
2042 1050 2250 1105 placandas
2276 1049 2493 1090 iracundiae

605 1124 788 1170 tempore
815 1116 855 1156 in
883 1116 1115 1156 universum
1143 1116 1348 1169 disputent
1362 1119 1464 1169 [379
1490 1133 1550 1171 sq.
1577 1120 1650 1158 381
1681 1119 1779 1171 sq.);
1826 1132 1921 1157 mox
1949 1116 2104 1157 Oceani
2129 1129 2331 1169 propensa
2355 1115 2492 1155 volun-

585 1189 689 1231 tas,
725 1180 958 1221 Promethei
993 1187 1133 1221 contra
1168 1181 1305 1221 verbis
1341 1183 1420 1222 iam
1455 1183 1496 1222 in
1531 1189 1639 1224 certo
1676 1183 1841 1223 consilio
1878 1181 2080 1235 parcentis
2117 1174 2342 1234 pertinacia
2372 1179 2493 1219 simili

606 1248 759 1288 ratione
785 1252 830 1287 ut
855 1246 899 1287 in
925 1247 1121 1300 prooemio
1147 1246 1322 1288 Roboris
1358 1247 1531 1289 studium
1565 1254 1606 1289 et
1632 1248 1800 1289 Volcani
1829 1248 1942 1288 dolor
1969 1247 2240 1300 distinguatur
2275 1246 2358 1298 (bis
2386 1246 2492 1287 enim

608 1313 710 1353 binis
738 1313 945 1364 Oceanus,
984 1312 1155 1365 singulis
1190 1313 1454 1354 Prometheus
1482 1314 1673 1354 >versibus
1708 1314 1882 1367 loquitur
1916 1314 2174 1364 383-388);
2217 1311 2389 1366 denique
2424 1311 2491 1352 ubi

606 1379 803 1418 intellexit
825 1378 1017 1418 Oceanus
1053 1378 1204 1419 infecta
1238 1392 1283 1418 re
1319 1379 1479 1419 domum
1515 1379 1590 1419 sibi
1621 1379 1872 1419 redeundum
1897 1393 2005 1426 esse,
2043 1384 2084 1418 et
2116 1378 2204 1431 ipse
2240 1377 2334 1418 satis
2370 1376 2493 1416 habet

605 1444 774 1496 singulis
801 1443 987 1483 versibus
1022 1444 1073 1485 de
1104 1457 1180 1483 eua
1205 1450 1362 1486 tantum
1388 1444 1513 1484 salute
1543 1457 1634 1483 cum
1661 1445 1809 1494 amico,
1848 1444 1916 1497 qui
1943 1457 2017 1484 sua
2041 1453 2159 1484 causa
2185 1442 2285 1483 alios
2312 1442 2491 1496 pericula

606 1509 716 1549 obire
744 1510 934 1558 noluerit,
962 1508 1149 1562 colloqui.
1202 1508 1345 1562 Itaque
1372 1515 1462 1562 post
1488 1509 1734 1549 alternantes
1758 1523 1901 1549 versus
1929 1509 2109 1561 singulos
2138 1522 2212 1547 sex
2236 1508 2331 1559 (389
2345 1507 2492 1557 -394]

605 1574 874 1628 proficiscitur
902 1574 1112 1624 Oceanus,
1141 1580 1312 1627 quatuor
1337 1574 1519 1615 versibus
1545 1576 1803 1626 (395—398)
1828 1574 2101 1628 quadrupedis
2128 1574 2188 1614 sui
2214 1573 2491 1627 inpatientiam

604 1654 847 1681 memorans.
900 1640 1021 1681 Hanc
1047 1640 1170 1693 igitur
1196 1640 1248 1681 ad
1274 1640 1444 1694 figuram
1472 1640 1694 1682 diverbium
1722 1655 1747 1682 a
1773 1654 1811 1681 ν.
1839 1642 1914 1682 379
1935 1639 1985 1682 ad
2004 1640 2081 1681 398
2106 1638 2372 1693 compositum
2399 1651 2488 1679 esse

603 1706 873 1748 intelleximus
886 1721 895 1745 :

1091 1808 2019 1861 2÷2l2><(2÷1)13><(1†1)⁴14.

705 1938 797 1976 Non
824 1938 954 1976 minus
985 1936 1200 1988 diligenter
1227 1942 1337 1989 poeta
1368 1936 1407 1974 id
1440 1935 1677 1989 episodium,
1719 1935 1826 1988 quod
1858 1935 1909 1974 ad
1945 1936 2110 1974 Ionem
2137 1934 2327 1987 pertinet,
2356 1932 2488 1971 elabo-

602 2003 718 2043 ravit.
772 2002 897 2042 Cuius
924 2002 1098 2055 primum
1125 2008 1266 2041 cantus
1302 2008 1342 2041 et
1376 2008 1465 2054 post
1501 2001 1707 2054 stropham
1733 2002 1845 2052 (589)
1875 2007 1915 2040 et
1942 2007 2033 2053 post
2059 1999 2351 2051 antistropham
2377 1999 2490 2049 (610)

602 2068 831 2109 Promethei
859 2067 1066 2121 excipiunt
1090 2067 1260 2107 trimetri
1289 2068 1480 2120 quaterni.
1534 2065 1633 2106 Inde
1672 2079 1694 2105 a
1729 2080 1767 2105 v,
1804 2068 1879 2105 614
1911 2079 2038 2118 usque
2067 2065 2117 2105 ad
2143 2078 2182 2103 v.
2210 2064 2284 2103 631
2314 2062 2378 2102 hic
2406 2076 2486 2102 ser-

601 2148 763 2174 monum
792 2132 890 2173 ordo
919 2134 1118 2186 sequitur:

1027 2272 1469 2322 2÷1.3><(1÷1)
1501 2272 1523 2308 2
1557 2277 1595 2315 «ι-
1626 2272 1952 2341 i.3><[1÷1)

1161 2325 1929 2417 QQJ

699 2511 814 2551 Binis
850 2511 958 2552 enim
985 2510 1095 2551 Ionis
1132 2510 1316 2551 versibus
1354 2511 1429 2550 614
1463 2523 1522 2563 sq.
1560 2515 1599 2549 et
1633 2509 1709 2548 623
1742 2522 1802 2561 sq.
1836 2507 1879 2547 in
1916 2507 2014 2548 duas
2051 2506 2267 2561 particulas
2300 2503 2485 2545 dividitur

600 2578 859 2630 colloquium,
898 2591 1068 2630 quarum
1094 2576 1228 2629 priore
1261 2576 1312 2616 de
1339 2575 1567 2615 Promethei
1595 2573 1793 2626 supplicio
1818 2574 2092 2625 (eu-622),
2132 2572 2262 2613 altera
2294 2570 2344 2611 de
2372 2570 2483 2610 Ionis

599 2643 802 2683 laboribus
827 2644 922 2694 (623
939 2665 975 2671 -
990 2643 1085 2692 631)
1110 2641 1270 2681 dicitur.
1323 2641 1456 2681 Tanta
1473 2646 1608 2680 autem
1631 2641 1811 2692 ipsarum
1829 2640 2120 2679 sententiarum
2140 2635 2356 2677 similitudo
2380 2635 2484 2675 inter

598 2716 807 2762 utramque
835 2706 1065 2757 intercedit,
1093 2712 1139 2747 ut
1164 2705 1306 2747 eadem
1333 2707 1417 2747 fere
1446 2704 1733 2755 concinnitate,
1773 2718 1853 2758 qua
1877 2703 2101 2745 carminum
2128 2701 2294 2755 stropha
2319 2707 2360 2742 et
2385 2703 2483 2743 anti-

597 2776 781 2828 stropha,
819 2775 905 2814 haec
931 2773 1168 2826 disceptatio
1204 2772 1282 2812 dici
1309 2773 1438 2826 possit
1469 2771 1690 2826 composita
1716 2783 1818 2812 esse.
1873 2768 1993 2817 Quod
2020 2775 2064 2809 ut
2089 2768 2249 2822 planius
2276 2767 2481 2819 intellege-

596 2848 727 2888 retur,
757 2845 883 2881 totum
910 2839 1040 2880 locum
1068 2838 1124 2880 ita
1151 2837 1363 2891 descripsi,
1395 2844 1438 2879 ut
1464 2852 1552 2890 quae
1576 2836 1651 2877 sibi
1677 2835 1922 2889 respondent
1947 2850 1999 2876 ex
2021 2835 2192 2876 adverso
2217 2834 2431 2887 posuerim.
