<?xml version="1.0" encoding="UTF-8"?>
<!DOCTYPE html PUBLIC "-//W3C//DTD XHTML 1.0 Transitional//EN"
    "http://www.w3.org/TR/xhtml1/DTD/xhtml1-transitional.dtd">
<html xmlns="http://www.w3.org/1999/xhtml" xml:lang="en" lang="en">
 <head>
  <title>
</title>
<meta http-equiv="Content-Type" content="text/html;charset=utf-8" />
  <meta name='ocr-system' content='tesseract 3.04.00' />
  <meta name='ocr-capabilities' content='ocr_page ocr_carea ocr_par ocr_line ocrx_word'/>
</head>
<body>
  <div class='ocr_page' id='page_1' title='image "4768895_0021.png"; bbox 0 0 2899 3743; ppageno 0'>
   <div class='ocr_carea' id='block_1_1' title="bbox 1002 970 1665 1042">
    <p class='ocr_par' dir='ltr' id='par_1_1' title="bbox 1002 970 1665 1042">
     <span class='ocr_line' id='line_1_1' title="bbox 1002 970 1665 1042; baseline 0 -1"><span class='ocrx_word' id='word_1_1' title='bbox 1002 970 1665 1042; x_wconf 84' lang='lat' dir='ltr'><strong>ADNOTATIONES.</strong></span> 
     </span>
    </p>
   </div>
   <div class='ocr_carea' id='block_1_2' title="bbox 390 1410 2343 1719">
    <p class='ocr_par' dir='ltr' id='par_1_2' title="bbox 390 1410 2343 1719">
     <span class='ocr_line' id='line_1_2' title="bbox 493 1410 2322 1470; baseline 0.001 -19"><span class='ocrx_word' id='word_1_2' title='bbox 493 1414 526 1463; x_wconf 82' lang='lat'><strong>¹)</strong></span> <span class='ocrx_word' id='word_1_3' title='bbox 554 1414 706 1462; x_wconf 78' lang='grc' dir='ltr'><em>Κράτος</em></span> <span class='ocrx_word' id='word_1_4' title='bbox 740 1418 780 1451; x_wconf 87' lang='lat' dir='ltr'><strong>et</strong></span> <span class='ocrx_word' id='word_1_5' title='bbox 811 1415 913 1449; x_wconf 81' lang='grc' dir='ltr'><em>Βίαν</em></span> <span class='ocrx_word' id='word_1_6' title='bbox 946 1412 1013 1465; x_wconf 90' lang='lat' dir='ltr'><strong>qui</strong></span> <span class='ocrx_word' id='word_1_7' title='bbox 1047 1410 1289 1470; x_wconf 73' lang='lat' dir='ltr'><strong>Scytharum</strong></span> <span class='ocrx_word' id='word_1_8' title='bbox 1315 1411 1618 1451; x_wconf 75' lang='lat' dir='ltr'><strong>Atheniensium</strong></span> <span class='ocrx_word' id='word_1_9' title='bbox 1645 1412 1783 1451; x_wconf 87' lang='lat' dir='ltr'><strong>habitu</strong></span> <span class='ocrx_word' id='word_1_10' title='bbox 1810 1413 1970 1453; x_wconf 89' lang='lat' dir='ltr'><strong>indutos</strong></span> <span class='ocrx_word' id='word_1_11' title='bbox 1999 1413 2073 1452; x_wconf 86' lang='lat' dir='ltr'><strong>sibi</strong></span> <span class='ocrx_word' id='word_1_12' title='bbox 2100 1414 2271 1467; x_wconf 89' lang='lat' dir='ltr'><strong>fingunt,</strong></span> <span class='ocrx_word' id='word_1_13' title='bbox 2312 1410 2322 1420; x_wconf 84' lang='lat'>&#39;</span> 
     </span>
     <span class='ocr_line' id='line_1_3' title="bbox 391 1461 2272 1514; baseline 0.002 -14"><span class='ocrx_word' id='word_1_14' title='bbox 391 1462 546 1502; x_wconf 85' lang='lat' dir='ltr'><strong>ridiculi</strong></span> <span class='ocrx_word' id='word_1_15' title='bbox 575 1469 670 1502; x_wconf 84' lang='lat' dir='ltr'><strong>sunt</strong></span> <span class='ocrx_word' id='word_1_16' title='bbox 694 1477 783 1501; x_wconf 91' lang='lat' dir='ltr'><strong>cum</strong></span> <span class='ocrx_word' id='word_1_17' title='bbox 811 1462 899 1501; x_wconf 87' lang='lat' dir='ltr'><strong>aliis</strong></span> <span class='ocrx_word' id='word_1_18' title='bbox 928 1476 978 1500; x_wconf 86' lang='lat' dir='ltr'><strong>ex</strong></span> <span class='ocrx_word' id='word_1_19' title='bbox 1004 1474 1134 1501; x_wconf 78' lang='lat' dir='ltr'><strong>causis</strong></span> <span class='ocrx_word' id='word_1_20' title='bbox 1168 1466 1254 1501; x_wconf 78' lang='lat' dir='ltr'><strong>tum</strong></span> <span class='ocrx_word' id='word_1_21' title='bbox 1280 1461 1387 1514; x_wconf 90' lang='lat' dir='ltr'><strong>quod</strong></span> <span class='ocrx_word' id='word_1_22' title='bbox 1413 1473 1564 1502; x_wconf 86' lang='lat' dir='ltr'><strong>marem</strong></span> <span class='ocrx_word' id='word_1_23' title='bbox 1590 1473 1681 1501; x_wconf 86' lang='lat' dir='ltr'><strong>esse</strong></span> <span class='ocrx_word' id='word_1_24' title='bbox 1708 1464 1811 1501; x_wconf 81' lang='grc' dir='ltr'><em>Βίαν</em></span> <span class='ocrx_word' id='word_1_25' title='bbox 1838 1463 2152 1504; x_wconf 86' lang='lat' dir='ltr'><strong>somniaverunt.</strong></span> <span class='ocrx_word' id='word_1_26' title='bbox 2204 1465 2272 1504; x_wconf 87' lang='lat' dir='ltr'><strong>An</strong></span> 
     </span>
     <span class='ocr_line' id='line_1_4' title="bbox 391 1510 2343 1604; baseline 0.001 -51"><span class='ocrx_word' id='word_1_27' title='bbox 391 1526 481 1552; x_wconf 89' lang='lat' dir='ltr'><strong>cum</strong></span> <span class='ocrx_word' id='word_1_28' title='bbox 506 1513 584 1553; x_wconf 92' lang='lat' dir='ltr'><strong>duo</strong></span> <span class='ocrx_word' id='word_1_29' title='bbox 610 1514 828 1553; x_wconf 89' lang='lat' dir='ltr'><strong>liberorum</strong></span> <span class='ocrx_word' id='word_1_30' title='bbox 845 1512 959 1564; x_wconf 82' lang='lat' dir='ltr'><strong>paria</strong></span> <span class='ocrx_word' id='word_1_31' title='bbox 984 1525 1007 1551; x_wconf 88' lang='lat' dir='ltr'><strong>e</strong></span> <span class='ocrx_word' id='word_1_32' title='bbox 1031 1510 1158 1564; x_wconf 83' lang='lat' dir='ltr'>Styge</span> <span class='ocrx_word' id='word_1_33' title='bbox 1182 1518 1277 1551; x_wconf 89' lang='lat' dir='ltr'><strong>nata</strong></span> <span class='ocrx_word' id='word_1_34' title='bbox 1301 1525 1393 1550; x_wconf 90' lang='lat' dir='ltr'><strong>esse</strong></span> <span class='ocrx_word' id='word_1_35' title='bbox 1417 1512 1598 1551; x_wconf 85' lang='lat' dir='ltr'><strong>dicantur</strong></span> <span class='ocrx_word' id='word_1_36' title='bbox 1622 1512 1673 1550; x_wconf 89' lang='lat' dir='ltr'><strong>ab</strong></span> <span class='ocrx_word' id='word_1_37' title='bbox 1697 1512 1875 1552; x_wconf 80' lang='lat' dir='ltr'><strong>Hesiodo</strong></span> <span class='ocrx_word' id='word_1_38' title='bbox 1900 1514 2051 1567; x_wconf 84' lang='lat' dir='ltr'><strong>(theog.</strong></span> <span class='ocrx_word' id='word_1_39' title='bbox 2070 1516 2145 1554; x_wconf 90' lang='lat'><strong>385</strong></span> <span class='ocrx_word' id='word_1_40' title='bbox 2164 1517 2273 1604; x_wconf 43' lang='lat' dir='ltr'><strong>sqqg</strong></span> <span class='ocrx_word' id='word_1_41' title='bbox 2340 1525 2343 1528; x_wconf 76' lang='grc'>’</span> 
     </span>
     <span class='ocr_line' id='line_1_5' title="bbox 390 1561 2240 1617; baseline 0.002 -16"><span class='ocrx_word' id='word_1_42' title='bbox 390 1566 520 1612; x_wconf 83' lang='grc' dir='ltr'><strong><em>Ζῆλος</em></strong></span> <span class='ocrx_word' id='word_1_43' title='bbox 551 1570 590 1603; x_wconf 91' lang='lat' dir='ltr'><strong>et</strong></span> <span class='ocrx_word' id='word_1_44' title='bbox 625 1568 750 1612; x_wconf 82' lang='grc' dir='ltr'><strong><em>Νίκη,</em></strong></span> <span class='ocrx_word' id='word_1_45' title='bbox 784 1563 939 1612; x_wconf 81' lang='grc' dir='ltr'><em>Κράτος</em></span> <span class='ocrx_word' id='word_1_46' title='bbox 966 1568 1006 1602; x_wconf 91' lang='lat' dir='ltr'><strong>et</strong></span> <span class='ocrx_word' id='word_1_47' title='bbox 1030 1565 1128 1609; x_wconf 81' lang='grc' dir='ltr'><strong><em>Βία,</em></strong></span> <span class='ocrx_word' id='word_1_48' title='bbox 1166 1561 1387 1603; x_wconf 83' lang='lat' dir='ltr'><strong>Victoriam</strong></span> <span class='ocrx_word' id='word_1_49' title='bbox 1423 1574 1579 1617; x_wconf 88' lang='lat' dir='ltr'><strong>quoque</strong></span> <span class='ocrx_word' id='word_1_50' title='bbox 1612 1564 1719 1603; x_wconf 82' lang='lat' dir='ltr'><strong>inter</strong></span> <span class='ocrx_word' id='word_1_51' title='bbox 1744 1576 1876 1604; x_wconf 75' lang='lat' dir='ltr'><strong>mares</strong></span> <span class='ocrx_word' id='word_1_52' title='bbox 1903 1564 2121 1616; x_wconf 69' lang='lat' dir='ltr'><strong>relegatur-i</strong></span> <span class='ocrx_word' id='word_1_53' title='bbox 2148 1574 2240 1606; x_wconf 88' lang='lat' dir='ltr'><strong>sunt</strong></span> 
     </span>
     <span class='ocr_line' id='line_1_6' title="bbox 392 1613 2268 1665; baseline 0.003 -13"><span class='ocrx_word' id='word_1_54' title='bbox 392 1614 446 1653; x_wconf 89' lang='lat' dir='ltr'><strong>Et</strong></span> <span class='ocrx_word' id='word_1_55' title='bbox 474 1615 689 1654; x_wconf 82' lang='lat' dir='ltr'><strong>scholiasta</strong></span> <span class='ocrx_word' id='word_1_56' title='bbox 716 1629 811 1652; x_wconf 89' lang='lat' dir='ltr'><strong>num</strong></span> <span class='ocrx_word' id='word_1_57' title='bbox 837 1614 1026 1653; x_wconf 88' lang='lat' dir='ltr'><strong>feminam</strong></span> <span class='ocrx_word' id='word_1_58' title='bbox 1053 1614 1208 1661; x_wconf 79' lang='grc' dir='ltr'><em>τοξότην</em></span> <span class='ocrx_word' id='word_1_59' title='bbox 1234 1613 1477 1653; x_wconf 81' lang='lat' dir='ltr'><strong>intellexisse</strong></span> <span class='ocrx_word' id='word_1_60' title='bbox 1506 1613 1732 1653; x_wconf 90' lang='lat' dir='ltr'><strong>credendus</strong></span> <span class='ocrx_word' id='word_1_61' title='bbox 1760 1620 1838 1665; x_wconf 87' lang='lat' dir='ltr'><strong>est,</strong></span> <span class='ocrx_word' id='word_1_62' title='bbox 1867 1628 1959 1655; x_wconf 89' lang='lat' dir='ltr'><strong>cum</strong></span> <span class='ocrx_word' id='word_1_63' title='bbox 1986 1615 2037 1655; x_wconf 84' lang='lat' dir='ltr'><strong>ad</strong></span> <span class='ocrx_word' id='word_1_64' title='bbox 2063 1629 2099 1654; x_wconf 81' lang='lat' dir='ltr'><strong>V.</strong></span> <span class='ocrx_word' id='word_1_65' title='bbox 2127 1617 2176 1656; x_wconf 85' lang='lat'><strong>12</strong></span> <span class='ocrx_word' id='word_1_66' title='bbox 2204 1616 2268 1657; x_wconf 87' lang='lat' dir='ltr'><strong>ad-</strong></span> 
     </span>
     <span class='ocr_line' id='line_1_7' title="bbox 391 1664 1803 1719; baseline 0 -15"><span class='ocrx_word' id='word_1_67' title='bbox 391 1665 617 1719; x_wconf 79' lang='lat' dir='ltr'><strong>scripserit:</strong></span> <span class='ocrx_word' id='word_1_68' title='bbox 645 1666 687 1706; x_wconf 82' lang='grc' dir='ltr'><strong>ἕν</strong></span> <span class='ocrx_word' id='word_1_69' title='bbox 714 1665 1062 1716; x_wconf 77' lang='grc' dir='ltr'><em>παραχορηγήματι</em></span> <span class='ocrx_word' id='word_1_70' title='bbox 1087 1664 1192 1713; x_wconf 78' lang='grc' dir='ltr'><strong>αὐτῷ</strong></span> <span class='ocrx_word' id='word_1_71' title='bbox 1218 1666 1669 1713; x_wconf 63' lang='grc' dir='ltr'><strong><em>εἰδωλοποιηδεῖσα</em></strong></span> <span class='ocrx_word' id='word_1_72' title='bbox 1695 1668 1803 1705; x_wconf 80' lang='lat' dir='ltr'><strong>Bla‘?</strong></span> 
     </span>
    </p>
   </div>
   <div class='ocr_carea' id='block_1_3' title="bbox 389 1774 2270 2986">
    <p class='ocr_par' dir='ltr' id='par_1_3' title="bbox 389 1774 2270 2986">
     <span class='ocr_line' id='line_1_8' title="bbox 494 1774 2267 1829; baseline 0.001 -12"><span class='ocrx_word' id='word_1_73' title='bbox 494 1778 527 1828; x_wconf 87' lang='lat'><strong>²)</strong></span> <span class='ocrx_word' id='word_1_74' title='bbox 552 1775 633 1817; x_wconf 90' lang='lat' dir='ltr'><strong>Ubi</strong></span> <span class='ocrx_word' id='word_1_75' title='bbox 653 1775 874 1817; x_wconf 83' lang='lat' dir='ltr'><strong>constiterit</strong></span> <span class='ocrx_word' id='word_1_76' title='bbox 892 1776 1037 1816; x_wconf 90' lang='lat' dir='ltr'><strong>chorus</strong></span> <span class='ocrx_word' id='word_1_77' title='bbox 1058 1775 1092 1815; x_wconf 88' lang='lat' dir='ltr'><strong>si</strong></span> <span class='ocrx_word' id='word_1_78' title='bbox 1109 1775 1272 1829; x_wconf 82' lang='lat' dir='ltr'><strong>quaeris,</strong></span> <span class='ocrx_word' id='word_1_79' title='bbox 1301 1774 1533 1829; x_wconf 78' lang='lat' dir='ltr'><strong>simpliciter</strong></span> <span class='ocrx_word' id='word_1_80' title='bbox 1551 1776 1802 1829; x_wconf 76' lang='lat' dir='ltr'><strong>respondeo:</strong></span> <span class='ocrx_word' id='word_1_81' title='bbox 1826 1788 1970 1829; x_wconf 86' lang='lat' dir='ltr'><strong>nempe</strong></span> <span class='ocrx_word' id='word_1_82' title='bbox 1987 1777 2031 1816; x_wconf 90' lang='lat' dir='ltr'><strong>in</strong></span> <span class='ocrx_word' id='word_1_83' title='bbox 2048 1779 2267 1829; x_wconf 78' lang='lat' dir='ltr'><strong>orchestra,</strong></span> 
     </span>
     <span class='ocr_line' id='line_1_9' title="bbox 421 1826 2267 1887; baseline 0.002 -21"><span class='ocrx_word' id='word_1_84' title='bbox 421 1835 604 1880; x_wconf 87' lang='lat' dir='ltr'><strong>ostquam</strong></span> <span class='ocrx_word' id='word_1_85' title='bbox 637 1842 661 1867; x_wconf 84' lang='lat' dir='ltr'><strong>a</strong></span> <span class='ocrx_word' id='word_1_86' title='bbox 693 1841 814 1867; x_wconf 89' lang='lat' dir='ltr'><strong>curru</strong></span> <span class='ocrx_word' id='word_1_87' title='bbox 844 1828 950 1866; x_wconf 79' lang='lat' dir='ltr'><strong>alato</strong></span> <span class='ocrx_word' id='word_1_88' title='bbox 982 1828 1147 1866; x_wconf 90' lang='lat' dir='ltr'><strong>humum</strong></span> <span class='ocrx_word' id='word_1_89' title='bbox 1178 1826 1388 1867; x_wconf 79' lang='lat' dir='ltr'><strong>descendit</strong></span> <span class='ocrx_word' id='word_1_90' title='bbox 1420 1828 1510 1878; x_wconf 83' lang='lat'>(274</span> <span class='ocrx_word' id='word_1_91' title='bbox 1544 1838 1632 1887; x_wconf 86' lang='lat' dir='ltr'><strong>sqq.</strong></span> <span class='ocrx_word' id='word_1_92' title='bbox 1666 1827 1742 1866; x_wconf 81' lang='lat'><strong>280</strong></span> <span class='ocrx_word' id='word_1_93' title='bbox 1775 1839 1862 1881; x_wconf 78' lang='lat' dir='ltr'><strong>sqq.</strong></span> <span class='ocrx_word' id='word_1_94' title='bbox 1898 1828 2021 1868; x_wconf 91' lang='lat' dir='ltr'><strong>schol.</strong></span> <span class='ocrx_word' id='word_1_95' title='bbox 2049 1827 2137 1868; x_wconf 76' lang='lat'><strong>128.</strong></span> <span class='ocrx_word' id='word_1_96' title='bbox 2163 1830 2267 1881; x_wconf 75' lang='lat'><strong>286).</strong></span> 
     </span>
     <span class='ocr_line' id='line_1_10' title="bbox 390 1842 2265 1930; baseline 0 -12"><span class='ocrx_word' id='word_1_97' title='bbox 390 1842 651 1919; x_wconf 56' lang='lat' dir='ltr'><strong>&amp;rehem-am</strong></span> <span class='ocrx_word' id='word_1_98' title='bbox 679 1884 812 1918; x_wconf 88' lang='lat' dir='ltr'><strong>autem</strong></span> <span class='ocrx_word' id='word_1_99' title='bbox 838 1878 957 1930; x_wconf 89' lang='lat' dir='ltr'><strong>paulo</strong></span> <span class='ocrx_word' id='word_1_100' title='bbox 986 1876 1189 1917; x_wconf 86' lang='lat' dir='ltr'><strong>elatiorem</strong></span> <span class='ocrx_word' id='word_1_101' title='bbox 1216 1877 1357 1926; x_wconf 88' lang='lat' dir='ltr'><strong>fuisse,</strong></span> <span class='ocrx_word' id='word_1_102' title='bbox 1390 1883 1435 1916; x_wconf 88' lang='lat' dir='ltr'><strong>ut</strong></span> <span class='ocrx_word' id='word_1_103' title='bbox 1461 1883 1609 1917; x_wconf 88' lang='lat' dir='ltr'><strong>mont1s</strong></span> <span class='ocrx_word' id='word_1_104' title='bbox 1646 1877 1831 1930; x_wconf 87' lang='lat' dir='ltr'><strong>quaedam</strong></span> <span class='ocrx_word' id='word_1_105' title='bbox 1865 1878 2000 1930; x_wconf 89' lang='lat' dir='ltr'><strong>imago</strong></span> <span class='ocrx_word' id='word_1_106' title='bbox 2027 1879 2265 1929; x_wconf 80' lang='lat' dir='ltr'><strong>efficeretur,</strong></span> 
     </span>
     <span class='ocr_line' id='line_1_11' title="bbox 390 1928 2266 1979; baseline 0.002 -12"><span class='ocrx_word' id='word_1_107' title='bbox 390 1928 556 1968; x_wconf 89' lang='lat' dir='ltr'><strong>indicari</strong></span> <span class='ocrx_word' id='word_1_108' title='bbox 585 1943 681 1967; x_wconf 86' lang='lat' dir='ltr'><strong>sane</strong></span> <span class='ocrx_word' id='word_1_109' title='bbox 710 1928 868 1967; x_wconf 88' lang='lat' dir='ltr'><strong>videtur</strong></span> <span class='ocrx_word' id='word_1_110' title='bbox 892 1928 1047 1967; x_wconf 88' lang='lat' dir='ltr'><strong>verbis:</strong></span> <span class='ocrx_word' id='word_1_111' title='bbox 1089 1929 1369 1978; x_wconf 77' lang='grc' dir='ltr'><strong><em>ὀκριοέσσῃ</em></strong></span> <span class='ocrx_word' id='word_1_112' title='bbox 1399 1931 1511 1973; x_wconf 61' lang='grc' dir='ltr'><strong><em>χθονὶ</em></strong></span> <span class='ocrx_word' id='word_1_113' title='bbox 1542 1930 1627 1978; x_wconf 75' lang='grc' dir='ltr'><em>τῇδε</em></span> <span class='ocrx_word' id='word_1_114' title='bbox 1659 1930 1761 1966; x_wconf 84' lang='grc' dir='ltr'><strong>πελῶ</strong></span> <span class='ocrx_word' id='word_1_115' title='bbox 1786 1929 1921 1979; x_wconf 85' lang='grc'>(283),</span> <span class='ocrx_word' id='word_1_116' title='bbox 1957 1928 2026 1968; x_wconf 89' lang='lat' dir='ltr'><strong>ubi</strong></span> <span class='ocrx_word' id='word_1_117' title='bbox 2054 1929 2266 1970; x_wconf 82' lang='lat' dir='ltr'><strong>scholiasta</strong></span> 
     </span>
     <span class='ocr_line' id='line_1_12' title="bbox 390 1977 2266 2028; baseline 0.001 -10"><span class='ocrx_word' id='word_1_118' title='bbox 390 1979 618 2018; x_wconf 80' lang='lat' dir='ltr'><strong>adnotavit:</strong></span> <span class='ocrx_word' id='word_1_119' title='bbox 649 1983 868 2026; x_wconf 53' lang='grc' dir='ltr'><em>προσέθηκε</em></span> <span class='ocrx_word' id='word_1_120' title='bbox 896 1982 980 2028; x_wconf 75' lang='grc' dir='ltr'><em>τῇδε</em></span> <span class='ocrx_word' id='word_1_121' title='bbox 1008 1977 1088 2015; x_wconf 81' lang='grc' dir='ltr'><strong>διὰ</strong></span> <span class='ocrx_word' id='word_1_122' title='bbox 1113 1977 1199 2015; x_wconf 82' lang='grc' dir='ltr'><strong>τὸν</strong></span> <span class='ocrx_word' id='word_1_123' title='bbox 1224 1979 1513 2015; x_wconf 82' lang='grc' dir='ltr'><strong><em>Καύκασον·</em></strong></span> <span class='ocrx_word' id='word_1_124' title='bbox 1543 1981 1589 2016; x_wconf 80' lang='grc' dir='ltr'><strong>οὗ</strong></span> <span class='ocrx_word' id='word_1_125' title='bbox 1615 1978 1691 2027; x_wconf 81' lang='grc' dir='ltr'><strong>γὰρ</strong></span> <span class='ocrx_word' id='word_1_126' title='bbox 1717 1981 1829 2016; x_wconf 76' lang='grc' dir='ltr'><em>πᾶσα</em></span> <span class='ocrx_word' id='word_1_127' title='bbox 1853 1982 1902 2027; x_wconf 81' lang='grc' dir='ltr'><strong>γῆ</strong></span> <span class='ocrx_word' id='word_1_128' title='bbox 1927 1980 2090 2028; x_wconf 82' lang='grc' dir='ltr'><strong><em>σκληρά.</em></strong></span> <span class='ocrx_word' id='word_1_129' title='bbox 2131 1979 2266 2019; x_wconf 85' lang='lat' dir='ltr'><strong>Infeli-</strong></span> 
     </span>
     <span class='ocr_line' id='line_1_13' title="bbox 390 2026 2266 2080; baseline 0.001 -12"><span class='ocrx_word' id='word_1_130' title='bbox 390 2028 593 2068; x_wconf 87' lang='lat' dir='ltr'><strong>cissimam</strong></span> <span class='ocrx_word' id='word_1_131' title='bbox 619 2035 758 2068; x_wconf 82' lang='lat' dir='ltr'><strong>contra</strong></span> <span class='ocrx_word' id='word_1_132' title='bbox 785 2042 874 2068; x_wconf 88' lang='lat' dir='ltr'><strong>esse</strong></span> <span class='ocrx_word' id='word_1_133' title='bbox 902 2028 1029 2067; x_wconf 91' lang='lat' dir='ltr'><strong>iudico</strong></span> <span class='ocrx_word' id='word_1_134' title='bbox 1056 2028 1106 2066; x_wconf 88' lang='lat' dir='ltr'><strong>A.</strong></span> <span class='ocrx_word' id='word_1_135' title='bbox 1135 2026 1416 2067; x_wconf 85' lang='lat' dir='ltr'><strong>Schoenbornii</strong></span> <span class='ocrx_word' id='word_1_136' title='bbox 1449 2028 1727 2080; x_wconf 87' lang='lat' dir='ltr'><strong>suspitionem,</strong></span> <span class='ocrx_word' id='word_1_137' title='bbox 1764 2028 1831 2080; x_wconf 90' lang='lat' dir='ltr'><strong>qui</strong></span> <span class='ocrx_word' id='word_1_138' title='bbox 1857 2029 1898 2067; x_wconf 90' lang='lat' dir='ltr'><strong>in</strong></span> <span class='ocrx_word' id='word_1_139' title='bbox 1926 2028 2028 2069; x_wconf 91' lang='lat' dir='ltr'><strong>libro</strong></span> <span class='ocrx_word' id='word_1_140' title='bbox 2055 2028 2105 2068; x_wconf 91' lang='lat' dir='ltr'><strong>de</strong></span> <span class='ocrx_word' id='word_1_141' title='bbox 2133 2044 2266 2070; x_wconf 85' lang='lat' dir='ltr'><strong>scaena</strong></span> 
     </span>
     <span class='ocr_line' id='line_1_14' title="bbox 390 2079 2266 2131; baseline -0.001 -12"><span class='ocrx_word' id='word_1_142' title='bbox 390 2080 606 2131; x_wconf 87' lang='lat' dir='ltr'><strong>diligenter</strong></span> <span class='ocrx_word' id='word_1_143' title='bbox 639 2079 787 2131; x_wconf 87' lang='lat' dir='ltr'><strong>scripto</strong></span> <span class='ocrx_word' id='word_1_144' title='bbox 821 2080 878 2130; x_wconf 84' lang='lat' dir='ltr'><strong>(p.</strong></span> <span class='ocrx_word' id='word_1_145' title='bbox 912 2080 986 2117; x_wconf 83' lang='lat'><strong>292</strong></span> <span class='ocrx_word' id='word_1_146' title='bbox 1020 2079 1129 2129; x_wconf 86' lang='lat' dir='ltr'><strong>sqq.)</strong></span> <span class='ocrx_word' id='word_1_147' title='bbox 1164 2091 1254 2116; x_wconf 90' lang='lat' dir='ltr'><strong>cum</strong></span> <span class='ocrx_word' id='word_1_148' title='bbox 1289 2084 1444 2116; x_wconf 87' lang='lat' dir='ltr'><strong>ceteros</strong></span> <span class='ocrx_word' id='word_1_149' title='bbox 1475 2084 1630 2117; x_wconf 86' lang='lat' dir='ltr'><strong>actores</strong></span> <span class='ocrx_word' id='word_1_150' title='bbox 1664 2092 1805 2116; x_wconf 90' lang='lat' dir='ltr'><strong>omnes</strong></span> <span class='ocrx_word' id='word_1_151' title='bbox 1838 2084 1923 2116; x_wconf 90' lang='lat' dir='ltr'><strong>tum</strong></span> <span class='ocrx_word' id='word_1_152' title='bbox 1951 2079 2115 2117; x_wconf 87' lang='lat' dir='ltr'><strong>chorum</strong></span> <span class='ocrx_word' id='word_1_153' title='bbox 2141 2086 2266 2118; x_wconf 85' lang='lat' dir='ltr'><strong>totam</strong></span> 
     </span>
     <span class='ocr_line' id='line_1_15' title="bbox 419 2126 2265 2187; baseline 0.001 -18"><span class='ocrx_word' id='word_1_154' title='bbox 419 2143 463 2169; x_wconf 91' lang='lat' dir='ltr'><strong>er</strong></span> <span class='ocrx_word' id='word_1_155' title='bbox 487 2130 667 2169; x_wconf 86' lang='lat' dir='ltr'><strong>fabulam</strong></span> <span class='ocrx_word' id='word_1_156' title='bbox 693 2130 735 2168; x_wconf 91' lang='lat' dir='ltr'><strong>in</strong></span> <span class='ocrx_word' id='word_1_157' title='bbox 763 2128 907 2181; x_wconf 87' lang='lat' dir='ltr'><strong>pluteis</strong></span> <span class='ocrx_word' id='word_1_158' title='bbox 936 2134 1138 2167; x_wconf 86' lang='lat' dir='ltr'><strong>versatum</strong></span> <span class='ocrx_word' id='word_1_159' title='bbox 1165 2140 1256 2166; x_wconf 91' lang='lat' dir='ltr'><strong>esse</strong></span> <span class='ocrx_word' id='word_1_160' title='bbox 1284 2126 1462 2167; x_wconf 91' lang='lat' dir='ltr'><strong>coniecit.</strong></span> <span class='ocrx_word' id='word_1_161' title='bbox 1515 2127 1653 2167; x_wconf 86' lang='lat' dir='ltr'><strong>Finxit</strong></span> <span class='ocrx_word' id='word_1_162' title='bbox 1683 2128 1804 2187; x_wconf 80' lang='lat' dir='ltr'><strong>igitur</strong></span> <span class='ocrx_word' id='word_1_163' title='bbox 1828 2126 1870 2166; x_wconf 91' lang='lat' dir='ltr'><strong>in</strong></span> <span class='ocrx_word' id='word_1_164' title='bbox 1897 2127 2074 2168; x_wconf 89' lang='lat' dir='ltr'><strong>eiusdem</strong></span> <span class='ocrx_word' id='word_1_165' title='bbox 2102 2129 2265 2181; x_wconf 86' lang='lat' dir='ltr'><strong>parietis</strong></span> 
     </span>
     <span class='ocr_line' id='line_1_16' title="bbox 389 2143 2265 2232; baseline 0 -12"><span class='ocrx_word' id='word_1_166' title='bbox 389 2143 520 2220; x_wconf 51' lang='lat' dir='ltr'><strong>fronte</strong></span> <span class='ocrx_word' id='word_1_167' title='bbox 546 2179 731 2232; x_wconf 85' lang='lat' dir='ltr'><strong>aequabili</strong></span> <span class='ocrx_word' id='word_1_168' title='bbox 758 2179 868 2217; x_wconf 87' lang='lat' dir='ltr'><strong>velut</strong></span> <span class='ocrx_word' id='word_1_169' title='bbox 895 2178 1170 2231; x_wconf 85' lang='lat' dir='ltr'><strong>anaglyphum</strong></span> <span class='ocrx_word' id='word_1_170' title='bbox 1223 2176 1418 2227; x_wconf 88' lang='lat' dir='ltr'><strong>uoddam,</strong></span> <span class='ocrx_word' id='word_1_171' title='bbox 1452 2184 1493 2216; x_wconf 90' lang='lat' dir='ltr'><strong>ut</strong></span> <span class='ocrx_word' id='word_1_172' title='bbox 1518 2179 1616 2217; x_wconf 83' lang='lat' dir='ltr'><strong>mihi</strong></span> <span class='ocrx_word' id='word_1_173' title='bbox 1641 2178 1803 2230; x_wconf 79' lang='lat' dir='ltr'><strong>quidem</strong></span> <span class='ocrx_word' id='word_1_174' title='bbox 1831 2178 2103 2219; x_wconf 90' lang='lat' dir='ltr'><strong>difficillimum</strong></span> <span class='ocrx_word' id='word_1_175' title='bbox 2132 2180 2184 2220; x_wconf 87' lang='lat' dir='ltr'><strong>sit</strong></span> <span class='ocrx_word' id='word_1_176' title='bbox 2208 2181 2265 2220; x_wconf 91' lang='lat' dir='ltr'><strong>in-</strong></span> 
     </span>
     <span class='ocr_line' id='line_1_17' title="bbox 390 2227 2264 2283; baseline 0.001 -13"><span class='ocrx_word' id='word_1_177' title='bbox 390 2230 571 2280; x_wconf 88' lang='lat' dir='ltr'><strong>tellectu,</strong></span> <span class='ocrx_word' id='word_1_178' title='bbox 602 2230 801 2283; x_wconf 88' lang='lat' dir='ltr'><strong>quomodo</strong></span> <span class='ocrx_word' id='word_1_179' title='bbox 829 2229 906 2268; x_wconf 90' lang='lat' dir='ltr'><strong>nisi</strong></span> <span class='ocrx_word' id='word_1_180' title='bbox 933 2228 1038 2268; x_wconf 87' lang='lat' dir='ltr'><strong>limis</strong></span> <span class='ocrx_word' id='word_1_181' title='bbox 1064 2227 1190 2268; x_wconf 87' lang='lat' dir='ltr'><strong>oculis</strong></span> <span class='ocrx_word' id='word_1_182' title='bbox 1252 2229 1498 2278; x_wconf 83' lang='lat' dir='ltr'><strong>rometheus‚</strong></span> <span class='ocrx_word' id='word_1_183' title='bbox 1536 2236 1580 2270; x_wconf 91' lang='lat' dir='ltr'><strong>ut</strong></span> <span class='ocrx_word' id='word_1_184' title='bbox 1607 2231 1718 2269; x_wconf 90' lang='lat' dir='ltr'><strong>cuius</strong></span> <span class='ocrx_word' id='word_1_185' title='bbox 1740 2229 1889 2279; x_wconf 84' lang='lat' dir='ltr'><strong>¹collum</strong></span> <span class='ocrx_word' id='word_1_186' title='bbox 1916 2244 2073 2283; x_wconf 90' lang='lat' dir='ltr'><strong>quoque</strong></span> <span class='ocrx_word' id='word_1_187' title='bbox 2101 2245 2169 2270; x_wconf 92' lang='lat' dir='ltr'><strong>sco</strong></span> <span class='ocrx_word' id='word_1_188' title='bbox 2199 2232 2264 2271; x_wconf 92' lang='lat' dir='ltr'><strong>ulo</strong></span> 
     </span>
     <span class='ocr_line' id='line_1_18' title="bbox 390 2279 2265 2333; baseline 0 -12"><span class='ocrx_word' id='word_1_189' title='bbox 390 2281 565 2321; x_wconf 85' lang='lat' dir='ltr'><strong>adfixum</strong></span> <span class='ocrx_word' id='word_1_190' title='bbox 593 2288 700 2320; x_wconf 90' lang='lat' dir='ltr'><strong>esset</strong></span> <span class='ocrx_word' id='word_1_191' title='bbox 726 2282 828 2332; x_wconf 73' lang='lat'><strong>(54),</strong></span> <span class='ocrx_word' id='word_1_192' title='bbox 857 2280 921 2319; x_wconf 89' lang='lat' dir='ltr'><strong>vel</strong></span> <span class='ocrx_word' id='word_1_193' title='bbox 948 2280 1182 2332; x_wconf 84' lang='lat' dir='ltr'><strong>conspicere</strong></span> <span class='ocrx_word' id='word_1_194' title='bbox 1210 2279 1384 2332; x_wconf 88' lang='lat' dir='ltr'><strong>potuerit</strong></span> <span class='ocrx_word' id='word_1_195' title='bbox 1410 2279 1585 2331; x_wconf 91' lang='lat' dir='ltr'><strong>reliquos</strong></span> <span class='ocrx_word' id='word_1_196' title='bbox 1613 2294 1636 2319; x_wconf 92' lang='lat' dir='ltr'><strong>a</strong></span> <span class='ocrx_word' id='word_1_197' title='bbox 1662 2280 1788 2319; x_wconf 90' lang='lat' dir='ltr'><strong>latere</strong></span> <span class='ocrx_word' id='word_1_198' title='bbox 1815 2279 1889 2318; x_wconf 87' lang='lat' dir='ltr'><strong>sibi</strong></span> <span class='ocrx_word' id='word_1_199' title='bbox 1914 2279 2130 2333; x_wconf 76' lang='lat' dir='ltr'><strong>adpositos,</strong></span> <span class='ocrx_word' id='word_1_200' title='bbox 2200 2296 2265 2321; x_wconf 91' lang='lat' dir='ltr'><strong>am</strong></span> 
     </span>
     <span class='ocr_line' id='line_1_19' title="bbox 392 2328 2265 2386; baseline 0 -14"><span class='ocrx_word' id='word_1_201' title='bbox 392 2332 442 2372; x_wconf 89' lang='lat' dir='ltr'><strong>de</strong></span> <span class='ocrx_word' id='word_1_202' title='bbox 469 2332 611 2372; x_wconf 89' lang='lat' dir='ltr'><strong>ceteris</strong></span> <span class='ocrx_word' id='word_1_203' title='bbox 639 2330 855 2384; x_wconf 80' lang='lat' dir='ltr'><strong>agendae,</strong></span> <span class='ocrx_word' id='word_1_204' title='bbox 885 2344 966 2370; x_wconf 91' lang='lat' dir='ltr'><strong>non</strong></span> <span class='ocrx_word' id='word_1_205' title='bbox 993 2328 1208 2370; x_wconf 86' lang='lat' dir='ltr'><strong>recitandae</strong></span> <span class='ocrx_word' id='word_1_206' title='bbox 1235 2336 1390 2369; x_wconf 88' lang='lat' dir='ltr'><strong>tantum</strong></span> <span class='ocrx_word' id='word_1_207' title='bbox 1416 2329 1559 2369; x_wconf 84' lang='lat' dir='ltr'><strong>fabulae</strong></span> <span class='ocrx_word' id='word_1_208' title='bbox 1587 2329 1882 2370; x_wconf 81' lang='lat' dir='ltr'><strong>difficultatibus</strong></span> <span class='ocrx_word' id='word_1_209' title='bbox 1908 2344 1958 2369; x_wconf 94' lang='lat' dir='ltr'><strong>ne</strong></span> <span class='ocrx_word' id='word_1_210' title='bbox 1985 2331 2154 2371; x_wconf 88' lang='lat' dir='ltr'><strong>verbum</strong></span> <span class='ocrx_word' id='word_1_211' title='bbox 2181 2333 2265 2386; x_wconf 90' lang='lat' dir='ltr'><strong>qui-</strong></span> 
     </span>
     <span class='ocr_line' id='line_1_20' title="bbox 391 2379 2264 2435; baseline 0 -12"><span class='ocrx_word' id='word_1_212' title='bbox 391 2383 483 2423; x_wconf 89' lang='lat' dir='ltr'><strong>dem</strong></span> <span class='ocrx_word' id='word_1_213' title='bbox 515 2381 664 2422; x_wconf 85' lang='lat' dir='ltr'><strong>addere</strong></span> <span class='ocrx_word' id='word_1_214' title='bbox 699 2396 799 2435; x_wconf 91' lang='lat' dir='ltr'><strong>opus</strong></span> <span class='ocrx_word' id='word_1_215' title='bbox 836 2387 908 2420; x_wconf 88' lang='lat' dir='ltr'><strong>est.</strong></span> <span class='ocrx_word' id='word_1_216' title='bbox 964 2379 1055 2428; x_wconf 83' lang='lat' dir='ltr'><strong>Quo</strong></span> <span class='ocrx_word' id='word_1_217' title='bbox 1087 2386 1222 2419; x_wconf 87' lang='lat' dir='ltr'><strong>autem</strong></span> <span class='ocrx_word' id='word_1_218' title='bbox 1255 2380 1429 2420; x_wconf 82' lang='lat' dir='ltr'><strong>maxime</strong></span> <span class='ocrx_word' id='word_1_219' title='bbox 1460 2387 1700 2421; x_wconf 88' lang='lat' dir='ltr'><strong>commotum</strong></span> <span class='ocrx_word' id='word_1_220' title='bbox 1734 2395 1777 2420; x_wconf 89' lang='lat' dir='ltr'><strong>se</strong></span> <span class='ocrx_word' id='word_1_221' title='bbox 1806 2381 1899 2420; x_wconf 89' lang='lat' dir='ltr'><strong>dicit</strong></span> <span class='ocrx_word' id='word_1_222' title='bbox 1924 2381 1984 2420; x_wconf 87' lang='lat' dir='ltr'><strong>vir</strong></span> <span class='ocrx_word' id='word_1_223' title='bbox 2011 2381 2264 2423; x_wconf 88' lang='lat' dir='ltr'><strong>doctissimus</strong></span> 
     </span>
     <span class='ocr_line' id='line_1_21' title="bbox 391 2431 2265 2486; baseline 0 -13"><span class='ocrx_word' id='word_1_224' title='bbox 391 2439 646 2486; x_wconf 86' lang='lat' dir='ltr'><strong>argumento,</strong></span> <span class='ocrx_word' id='word_1_225' title='bbox 683 2433 789 2486; x_wconf 91' lang='lat' dir='ltr'><strong>quod</strong></span> <span class='ocrx_word' id='word_1_226' title='bbox 815 2432 854 2470; x_wconf 87' lang='lat' dir='ltr'><strong>in</strong></span> <span class='ocrx_word' id='word_1_227' title='bbox 883 2438 1072 2471; x_wconf 74' lang='lat' dir='ltr'><strong>extremae</strong></span> <span class='ocrx_word' id='word_1_228' title='bbox 1099 2431 1243 2470; x_wconf 82' lang='lat' dir='ltr'><strong>fabulae</strong></span> <span class='ocrx_word' id='word_1_229' title='bbox 1269 2431 1397 2470; x_wconf 90' lang='lat' dir='ltr'><strong>turbis</strong></span> <span class='ocrx_word' id='word_1_230' title='bbox 1426 2432 1518 2483; x_wconf 89' lang='lat' dir='ltr'><strong>quid</strong></span> <span class='ocrx_word' id='word_1_231' title='bbox 1545 2432 1615 2471; x_wconf 88' lang='lat' dir='ltr'><strong>fiat</strong></span> <span class='ocrx_word' id='word_1_232' title='bbox 1639 2431 1800 2485; x_wconf 89' lang='lat' dir='ltr'><strong>puellis,</strong></span> <span class='ocrx_word' id='word_1_233' title='bbox 1836 2432 1951 2470; x_wconf 89' lang='lat' dir='ltr'><strong>aliter</strong></span> <span class='ocrx_word' id='word_1_234' title='bbox 1976 2432 2158 2485; x_wconf 87' lang='lat' dir='ltr'><strong>intellegi</strong></span> <span class='ocrx_word' id='word_1_235' title='bbox 2185 2448 2265 2473; x_wconf 89' lang='lat' dir='ltr'><strong>non</strong></span> 
     </span>
     <span class='ocr_line' id='line_1_22' title="bbox 390 2475 2265 2537; baseline -0.001 -13"><span class='ocrx_word' id='word_1_236' title='bbox 390 2484 519 2537; x_wconf 88' lang='lat' dir='ltr'><strong>possit</strong></span> <span class='ocrx_word' id='word_1_237' title='bbox 548 2483 627 2535; x_wconf 85' lang='lat' dir='ltr'><strong>(sic</strong></span> <span class='ocrx_word' id='word_1_238' title='bbox 658 2483 766 2522; x_wconf 90' lang='lat' dir='ltr'><strong>enim</strong></span> <span class='ocrx_word' id='word_1_239' title='bbox 800 2489 867 2521; x_wconf 85' lang='lat' dir='ltr'><strong>aut</strong></span> <span class='ocrx_word' id='word_1_240' title='bbox 901 2481 1097 2521; x_wconf 92' lang='lat' dir='ltr'><strong>nubecula</strong></span> <span class='ocrx_word' id='word_1_241' title='bbox 1122 2475 1255 2533; x_wconf 86' lang='lat' dir='ltr'><strong>aliqua</strong></span> <span class='ocrx_word' id='word_1_242' title='bbox 1280 2482 1372 2520; x_wconf 92' lang='lat' dir='ltr'><strong>obte</strong></span> <span class='ocrx_word' id='word_1_243' title='bbox 1403 2481 1417 2520; x_wconf 89' lang='lat' dir='ltr'><strong>i</strong></span> <span class='ocrx_word' id='word_1_244' title='bbox 1442 2487 1509 2521; x_wconf 86' lang='lat' dir='ltr'><strong>aut</strong></span> <span class='ocrx_word' id='word_1_245' title='bbox 1536 2482 1614 2521; x_wconf 86' lang='lat' dir='ltr'><strong>levi</strong></span> <span class='ocrx_word' id='word_1_246' title='bbox 1644 2482 1774 2535; x_wconf 91' lang='lat' dir='ltr'><strong>aliquo</strong></span> <span class='ocrx_word' id='word_1_247' title='bbox 1801 2495 2011 2534; x_wconf 87' lang='lat' dir='ltr'><strong>corporum</strong></span> <span class='ocrx_word' id='word_1_248' title='bbox 2037 2490 2148 2523; x_wconf 88' lang='lat' dir='ltr'><strong>motu</strong></span> <span class='ocrx_word' id='word_1_249' title='bbox 2175 2497 2265 2523; x_wconf 71' lang='lat' dir='ltr'><strong>evass</strong></span> 
     </span>
     <span class='ocr_line' id='line_1_23' title="bbox 391 2530 2265 2585; baseline -0.001 -11"><span class='ocrx_word' id='word_1_250' title='bbox 391 2547 557 2574; x_wconf 88' lang='lat' dir='ltr'><strong>nescere</strong></span> <span class='ocrx_word' id='word_1_251' title='bbox 613 2533 797 2584; x_wconf 86' lang='lat' dir='ltr'><strong>otuisse]‚</strong></span> <span class='ocrx_word' id='word_1_252' title='bbox 836 2539 897 2571; x_wconf 90' lang='lat' dir='ltr'><strong>est</strong></span> <span class='ocrx_word' id='word_1_253' title='bbox 924 2531 963 2571; x_wconf 88' lang='lat' dir='ltr'><strong>id</strong></span> <span class='ocrx_word' id='word_1_254' title='bbox 991 2545 1087 2571; x_wconf 91' lang='lat' dir='ltr'><strong>sane</strong></span> <span class='ocrx_word' id='word_1_255' title='bbox 1115 2531 1168 2570; x_wconf 91' lang='lat' dir='ltr'><strong>ali</strong></span> <span class='ocrx_word' id='word_1_256' title='bbox 1198 2530 1284 2581; x_wconf 82' lang='lat' dir='ltr'><strong>uid,</strong></span> <span class='ocrx_word' id='word_1_257' title='bbox 1326 2545 1368 2570; x_wconf 89' lang='lat' dir='ltr'><strong>se</strong></span> <span class='ocrx_word' id='word_1_258' title='bbox 1423 2532 1498 2570; x_wconf 87' lang='lat' dir='ltr'><strong>alia</strong></span> <span class='ocrx_word' id='word_1_259' title='bbox 1525 2533 1703 2585; x_wconf 87' lang='lat' dir='ltr'><strong>profecto</strong></span> <span class='ocrx_word' id='word_1_260' title='bbox 1731 2533 1904 2584; x_wconf 87' lang='lat' dir='ltr'><strong>quadam</strong></span> <span class='ocrx_word' id='word_1_261' title='bbox 1931 2532 2084 2572; x_wconf 84' lang='lat' dir='ltr'><strong>ratione</strong></span> <span class='ocrx_word' id='word_1_262' title='bbox 2112 2533 2265 2573; x_wconf 88' lang='lat' dir='ltr'><strong>solven-</strong></span> 
     </span>
     <span class='ocr_line' id='line_1_24' title="bbox 392 2581 2264 2636; baseline -0.001 -12"><span class='ocrx_word' id='word_1_263' title='bbox 392 2585 498 2624; x_wconf 90' lang='lat' dir='ltr'><strong>dum.</strong></span> <span class='ocrx_word' id='word_1_264' title='bbox 592 2597 655 2623; x_wconf 85' lang='lat' dir='ltr'><strong>am</strong></span> <span class='ocrx_word' id='word_1_265' title='bbox 683 2590 894 2636; x_wconf 84' lang='lat' dir='ltr'><strong>postquam</strong></span> <span class='ocrx_word' id='word_1_266' title='bbox 924 2581 1151 2622; x_wconf 83' lang='lat' dir='ltr'><strong>adhortanti</strong></span> <span class='ocrx_word' id='word_1_267' title='bbox 1223 2582 1377 2621; x_wconf 89' lang='lat' dir='ltr'><strong>ercurio</strong></span> <span class='ocrx_word' id='word_1_268' title='bbox 1404 2584 1526 2621; x_wconf 82' lang='grc' dir='ltr'><em>τόπων</em></span> <span class='ocrx_word' id='word_1_269' title='bbox 1548 2583 1644 2632; x_wconf 78' lang='grc' dir='ltr'><em>μετά</em></span> <span class='ocrx_word' id='word_1_270' title='bbox 1667 2598 1741 2620; x_wconf 89' lang='grc' dir='ltr'><strong>που</strong></span> <span class='ocrx_word' id='word_1_271' title='bbox 1768 2584 1911 2630; x_wconf 77' lang='grc' dir='ltr'><em>χωρεῖτ’</em></span> <span class='ocrx_word' id='word_1_272' title='bbox 1939 2589 1983 2621; x_wconf 82' lang='grc' dir='ltr'><strong>ἐκ</strong></span> <span class='ocrx_word' id='word_1_273' title='bbox 2009 2586 2125 2622; x_wconf 80' lang='grc' dir='ltr'><em>τῶνδε</em></span> <span class='ocrx_word' id='word_1_274' title='bbox 2150 2588 2264 2629; x_wconf 59' lang='grc' dir='ltr'>θοῶς,</span> 
     </span>
     <span class='ocr_line' id='line_1_25' title="bbox 389 2633 2269 2736; baseline -0.001 -12"><span class='ocrx_word' id='word_1_275' title='bbox 389 2636 632 2736; x_wconf 52' lang='lat' dir='ltr'><strong>ffi’tssss&#39;zffl‘ss</strong></span> <span class='ocrx_word' id='word_1_276' title='bbox 660 2635 1206 2723; x_wconf 51' lang='grc' dir='ltr'><strong>ἕζέᾜέἷέῗὲῗῑῖεῗῗιῖἑὲῗ</strong></span> <span class='ocrx_word' id='word_1_277' title='bbox 1223 2633 2269 2724; x_wconf 47' lang='grc' dir='ltr'><strong>«5ξέηέᾦῑὲζῖξῖᾚὲἴοὲἕῖῗῖἒιέᾙ)ἔῖἳέἒῗᾶθῖὸιέἑ</strong></span> 
     </span>
     <span class='ocr_line' id='line_1_26' title="bbox 392 2698 2270 2788; baseline -0.001 -14"><span class='ocrx_word' id='word_1_278' title='bbox 392 2734 521 2788; x_wconf 88' lang='lat' dir='ltr'><strong>planis</strong></span> <span class='ocrx_word' id='word_1_279' title='bbox 549 2699 620 2775; x_wconf 43' lang='lat' dir='ltr'><strong>agr</strong></span> <span class='ocrx_word' id='word_1_280' title='bbox 649 2735 682 2775; x_wconf 91' lang='lat' dir='ltr'><strong>is</strong></span> <span class='ocrx_word' id='word_1_281' title='bbox 709 2698 908 2788; x_wconf 44' lang='lat' dir='ltr'><strong>prflaedixit,</strong></span> <span class='ocrx_word' id='word_1_282' title='bbox 951 2738 1102 2773; x_wconf 88' lang='lat' dir='ltr'><strong>certum</strong></span> <span class='ocrx_word' id='word_1_283' title='bbox 1132 2731 1173 2771; x_wconf 84' lang='lat' dir='ltr'><strong>in</strong></span> <span class='ocrx_word' id='word_1_284' title='bbox 1206 2732 1353 2772; x_wconf 86' lang='lat' dir='ltr'><strong>malum</strong></span> <span class='ocrx_word' id='word_1_285' title='bbox 1379 2732 1465 2772; x_wconf 90' lang='lat' dir='ltr'><strong>illas</strong></span> <span class='ocrx_word' id='word_1_286' title='bbox 1491 2713 1745 2785; x_wconf 67' lang='lat' dir='ltr'><strong>inprudentia</strong></span> <span class='ocrx_word' id='word_1_287' title='bbox 1772 2747 1843 2771; x_wconf 91' lang='lat' dir='ltr'><strong>sua</strong></span> <span class='ocrx_word' id='word_1_288' title='bbox 1869 2733 2049 2782; x_wconf 83' lang='lat' dir='ltr'><strong>inruere,</strong></span> <span class='ocrx_word' id='word_1_289' title='bbox 2085 2734 2270 2773; x_wconf 88' lang='lat' dir='ltr'><strong>risissent</strong></span> 
     </span>
     <span class='ocr_line' id='line_1_27' title="bbox 393 2782 2267 2838; baseline -0.001 -13"><span class='ocrx_word' id='word_1_290' title='bbox 393 2787 573 2838; x_wconf 89' lang='lat' dir='ltr'><strong>profecto</strong></span> <span class='ocrx_word' id='word_1_291' title='bbox 593 2792 857 2838; x_wconf 86' lang='lat' dir='ltr'><strong>spectatores,</strong></span> <span class='ocrx_word' id='word_1_292' title='bbox 888 2784 919 2822; x_wconf 89' lang='lat' dir='ltr'><strong>si</strong></span> <span class='ocrx_word' id='word_1_293' title='bbox 946 2782 1201 2823; x_wconf 89' lang='lat' dir='ltr'><strong>nihilominus</strong></span> <span class='ocrx_word' id='word_1_294' title='bbox 1229 2783 1363 2836; x_wconf 89' lang='lat' dir='ltr'><strong>aliqua</strong></span> <span class='ocrx_word' id='word_1_295' title='bbox 1389 2783 1573 2822; x_wconf 90' lang='lat' dir='ltr'><strong>machina</strong></span> <span class='ocrx_word' id='word_1_296' title='bbox 1595 2797 1619 2822; x_wconf 89' lang='lat' dir='ltr'><strong>a</strong></span> <span class='ocrx_word' id='word_1_297' title='bbox 1644 2782 1833 2835; x_wconf 88' lang='lat' dir='ltr'><strong>periculis</strong></span> <span class='ocrx_word' id='word_1_298' title='bbox 1861 2790 2041 2823; x_wconf 84' lang='lat' dir='ltr'><strong>servatas</strong></span> <span class='ocrx_word' id='word_1_299' title='bbox 2060 2783 2267 2824; x_wconf 86' lang='lat' dir='ltr'><strong>vidissent.</strong></span> 
     </span>
     <span class='ocr_line' id='line_1_28' title="bbox 393 2832 2270 2889; baseline 0 -14"><span class='ocrx_word' id='word_1_300' title='bbox 393 2837 448 2875; x_wconf 84' lang='lat' dir='ltr'><strong>At</strong></span> <span class='ocrx_word' id='word_1_301' title='bbox 475 2849 526 2874; x_wconf 89' lang='lat' dir='ltr'><strong>ne</strong></span> <span class='ocrx_word' id='word_1_302' title='bbox 553 2835 651 2875; x_wconf 93' lang='lat' dir='ltr'><strong>illud</strong></span> <span class='ocrx_word' id='word_1_303' title='bbox 677 2835 836 2889; x_wconf 90' lang='lat' dir='ltr'><strong>quidem</strong></span> <span class='ocrx_word' id='word_1_304' title='bbox 865 2841 1045 2873; x_wconf 83' lang='lat' dir='ltr'><strong>veterum</strong></span> <span class='ocrx_word' id='word_1_305' title='bbox 1073 2840 1157 2872; x_wconf 85' lang='lat' dir='ltr'><strong>arte</strong></span> <span class='ocrx_word' id='word_1_306' title='bbox 1186 2833 1352 2885; x_wconf 87' lang='lat' dir='ltr'><strong>dignum</strong></span> <span class='ocrx_word' id='word_1_307' title='bbox 1379 2847 1462 2874; x_wconf 89' lang='lat' dir='ltr'><strong>esse</strong></span> <span class='ocrx_word' id='word_1_308' title='bbox 1494 2840 1608 2886; x_wconf 90' lang='lat' dir='ltr'><strong>puto,</strong></span> <span class='ocrx_word' id='word_1_309' title='bbox 1643 2833 1748 2886; x_wconf 90' lang='lat' dir='ltr'><strong>quod</strong></span> <span class='ocrx_word' id='word_1_310' title='bbox 1775 2832 1817 2872; x_wconf 90' lang='lat' dir='ltr'><strong>in</strong></span> <span class='ocrx_word' id='word_1_311' title='bbox 1844 2840 1982 2873; x_wconf 89' lang='lat' dir='ltr'><strong>nostra</strong></span> <span class='ocrx_word' id='word_1_312' title='bbox 2009 2848 2106 2874; x_wconf 88' lang='lat' dir='ltr'><strong>sane</strong></span> <span class='ocrx_word' id='word_1_313' title='bbox 2133 2849 2270 2875; x_wconf 86' lang='lat' dir='ltr'><strong>scaena</strong></span> 
     </span>
     <span class='ocr_line' id='line_1_29' title="bbox 394 2884 2268 2947; baseline 0 -22"><span class='ocrx_word' id='word_1_314' title='bbox 394 2900 484 2925; x_wconf 90' lang='lat' dir='ltr'><strong>cum</strong></span> <span class='ocrx_word' id='word_1_315' title='bbox 507 2887 650 2947; x_wconf 87' lang='lat' dir='ltr'><strong>plausu</strong></span> <span class='ocrx_word' id='word_1_316' title='bbox 675 2886 848 2939; x_wconf 88' lang='lat' dir='ltr'><strong>spectari</strong></span> <span class='ocrx_word' id='word_1_317' title='bbox 873 2886 991 2935; x_wconf 85' lang='lat' dir='ltr'><strong>solet,</strong></span> <span class='ocrx_word' id='word_1_318' title='bbox 1019 2890 1064 2923; x_wconf 88' lang='lat' dir='ltr'><strong>ut</strong></span> <span class='ocrx_word' id='word_1_319' title='bbox 1085 2891 1367 2937; x_wconf 82' lang='lat' dir='ltr'><strong>tempestatem</strong></span> <span class='ocrx_word' id='word_1_320' title='bbox 1385 2885 1493 2924; x_wconf 89' lang='lat' dir='ltr'><strong>illam</strong></span> <span class='ocrx_word' id='word_1_321' title='bbox 1513 2898 1603 2923; x_wconf 91' lang='lat' dir='ltr'><strong>cum</strong></span> <span class='ocrx_word' id='word_1_322' title='bbox 1626 2884 1856 2923; x_wconf 86' lang='lat' dir='ltr'><strong>fulminibus</strong></span> <span class='ocrx_word' id='word_1_323' title='bbox 1876 2890 1916 2924; x_wconf 88' lang='lat' dir='ltr'><strong>et</strong></span> <span class='ocrx_word' id='word_1_324' title='bbox 1933 2885 2111 2935; x_wconf 90' lang='lat' dir='ltr'><strong>turbine,</strong></span> <span class='ocrx_word' id='word_1_325' title='bbox 2141 2886 2268 2938; x_wconf 86' lang='lat' dir='ltr'><strong>qualis</strong></span> 
     </span>
     <span class='ocr_line' id='line_1_30' title="bbox 395 2935 2269 2986; baseline -0.002 -10"><span class='ocrx_word' id='word_1_326' title='bbox 395 2937 632 2977; x_wconf 79' lang='lat' dir='ltr'><strong>describitur</strong></span> <span class='ocrx_word' id='word_1_327' title='bbox 660 2952 683 2976; x_wconf 92' lang='lat' dir='ltr'><strong>a</strong></span> <span class='ocrx_word' id='word_1_328' title='bbox 711 2936 948 2976; x_wconf 83' lang='lat' dir='ltr'><strong>Prometheo</strong></span> <span class='ocrx_word' id='word_1_329' title='bbox 975 2936 1094 2985; x_wconf 79' lang='lat'>(1085</span> <span class='ocrx_word' id='word_1_330' title='bbox 1121 2936 1241 2986; x_wconf 83' lang='lat' dir='ltr'><strong>sqq.],</strong></span> <span class='ocrx_word' id='word_1_331' title='bbox 1280 2935 1361 2972; x_wconf 86' lang='lat' dir='ltr'><strong>suis</strong></span> <span class='ocrx_word' id='word_1_332' title='bbox 1394 2935 1516 2974; x_wconf 89' lang='lat' dir='ltr'><strong>oculis</strong></span> <span class='ocrx_word' id='word_1_333' title='bbox 1550 2941 1795 2985; x_wconf 85' lang='lat' dir='ltr'><strong>spectatores</strong></span> <span class='ocrx_word' id='word_1_334' title='bbox 1822 2935 2085 2973; x_wconf 86' lang='lat' dir='ltr'><strong>intuerentur.</strong></span> <span class='ocrx_word' id='word_1_335' title='bbox 2139 2937 2269 2974; x_wconf 83' lang='lat' dir='ltr'><strong>Immo</strong></span> 
     </span>
    </p>
   </div>
  </div>
 </body>
</html>
