2961 3750
1422 355 1721 403 ‚10-

624 485 760 533 potest
788 492 886 518 sane
913 477 1099 518 consulto
1125 477 1349 517 institutum
1376 489 1466 517 esse
1494 475 1638 527 videri,
1674 481 1719 516 ut
1753 489 1844 516 cum
1871 476 1911 517 in
1939 477 2083 519 ceteris
2108 477 2293 519 omnibus
2321 477 2517 533 discepta-

624 545 801 585 tionibus
829 545 1093 584 constantiam
1118 550 1159 583 et
1180 543 1526 596 perseverantiam
1552 542 1675 581 animi
1695 542 1961 583 Prometheus
1988 543 2109 583 etiam
2132 544 2360 598 disputandi
2387 558 2517 599 oequa-

626 610 782 652 bilitate
808 609 994 665 quadam,
1009 608 1247 664 prodiderit,
1274 608 1468 649 Mercurii
1494 607 1635 661 iurgiis
1662 607 1718 648 ita
1744 615 2061 659 commoveatur,
2096 615 2141 649 ut
2171 610 2353 663 quamvis
2388 610 2518 663 pervi-

627 692 703 718 cax
730 678 771 717 in
797 676 977 717 consiliis
1002 682 1044 716 et
1067 674 1277 715 sententiis
1302 673 1465 714 modum
1488 680 1623 714 tamen
1647 687 1880 714 sermonum
1904 687 1988 715 non
2007 673 2149 715 eadem
2176 681 2220 716 ut
2245 681 2366 716 antea
2383 682 2519 716 servet

628 744 863 784 constantia.
919 742 1039 790 Quod
1066 756 1148 782 non
1175 748 1259 781 tam
1295 741 1345 780 de
1382 740 1494 779 initio
1531 740 1805 779 altercationis
1843 739 1999 779 dietum·
2019 753 2110 779 esse
2137 740 2276 790 velim,
2317 740 2385 780 ubi
2411 739 2518 793 quod

630 822 776 849 novem
802 806 995 848 Mercurii
1021 821 1166 847 severa
1192 807 1320 860 patris
1348 805 1536 846 mandata
1563 805 1815 845 contumeliis
1843 805 2130 857 exaggerantis
2161 819 2306 846 versus
2330 805 2516 845 undecim

627 874 811 914 versibus
833 878 1068 927 contemptu
1095 878 1136 914 et
1161 871 1321 913 fastidio
1349 871 1478 926 plenis
1499 870 1658 926 repellit
1680 870 1961 922 Prometheus,
1991 885 2239 926 exsuperare
2260 879 2369 913 certe
2391 871 2518 912 voluit

628 941 951 983 adversariorum
975 940 1126 980 fastum
1153 944 1194 978 et
1220 937 1503 991 arrogantiam.
1556 936 1638 977 Sed
1669 936 1826 991 reliqua
1855 936 2001 978 mirum
2028 944 2092 978 est
2117 952 2164 978 eo
2192 938 2332 978 ordine
2360 952 2518 993 compo—

628 1009 703 1049 sita
732 1020 843 1057 esse,
882 1012 925 1047 ut
956 1006 1130 1060 primum
1155 1005 1272 1045 binos
1300 1004 1424 1045 semel
1450 1010 1617 1057 uterque
1643 1017 1787 1044 versus
1812 1005 1908 1055 (968
1934 1019 1993 1058 sq.
2021 1006 2098 1045 970
2124 1006 2218 1059 sq.),
2246 1005 2390 1046 deinde
2417 1005 2516 1045 duos

627 1075 723 1132 (972
749 1075 829 1126 sq.)
854 1071 1097 1121 Mercurius,
1126 1071 1391 1111 Prometheus
1418 1084 1540 1110 uuum
1567 1070 1697 1123 (974),
1734 1083 1853 1123 porro
1879 1070 1942 1110 bis
1971 1070 2153 1124 singulos
2182 1072 2292 1128 (975.
2319 1072 2413 1124 978)
2437 1071 2517 1122 ille,

627 1140 745 1179 binos
776 1140 870 1190 (976
897 1152 957 1191 sq.
989 1139 1065 1177 979
1091 1138 1172 1190 sq.)
1207 1136 1273 1175 hic
1306 1137 1458 1176 recitet.
1512 1136 1619 1176 Nam
1645 1135 1686 1175 id
1713 1136 1875 1190 quidem
1901 1150 1982 1177 non
2008 1137 2147 1179 dubito
2174 1139 2271 1192 quin
2296 1137 2517 1179 rectissime

627 1204 861 1246 Effurdtius
887 1210 927 1244 et
955 1203 1008 1244 G.
1037 1204 1300 1244 Hermannus
1329 1203 1423 1243 olim
1450 1203 1749 1256 perspexerint,
1786 1217 1867 1243 non
1901 1217 2022 1256 posse
2054 1204 2230 1257 quinque
2257 1217 2401 1244 versus
2427 1218 2518 1244 con-

628 1272 761 1311 tinuos
788 1272 920 1310 970-
938 1271 1038 1309 974:

1040 1400 1101 1442 τῆς
1129 1398 1199 1443 σῆς
1224 1399 1399 1444 λατρείας
1426 1395 1491 1442 τήν
1517 1395 1618 1443 ἐμήν
1644 1395 1899 1444 δυςπραξίαν,

1038 1535 1222 1578 κρεῖσσον
1246 1527 1322 1578 γὰρ
1349 1526 1461 1579 οἶμαι
1489 1529 1573 1577 τῇδε
1601 1526 1794 1577 λατρεύειν
1821 1534 1940 1577 πέτρᾳ

1037 1595 1062 1641 ἢ
1088 1600 1202 1643 πατρὶ
1227 1596 1351 1642 φῦναι
1378 1597 1477 1641 Ζηνὶ
1502 1593 1638 1632 πιστὸν
1663 1593 1839 1643 ἄγγελον.

1035 1659 1153 1705 οὕτως
1179 1660 1347 1710 ὑβρίζειν
1373 1660 1459 1704 τούς
1485 1661 1712 1710 ὑβρίζοντας
1739 1659 1876 1709 χρεών.

627 1803 757 1844 eidem
780 1802 1042 1855 Prometheo,
1068 1809 1114 1844 ut
1138 1804 1181 1844 in
1208 1803 1321 1845 libris
1348 1803 1411 1856 fit,
1438 1802 1570 1844 tribui.
1624 1802 1682 1844 Ut
1705 1802 1813 1843 enim
1836 1800 1885 1842 de
1904 1807 2056 1841 temere
2078 1800 2265 1853 neglecta
2289 1814 2519 1841 sermonum

629 1870 898 1910 concinnitate
924 1875 1097 1921 taceam,
1126 1884 1207 1910 non
1233 1870 1382 1924 frigida
1405 1876 1578 1915 tantum,
1613 1876 1657 1910 ut
1683 1869 1784 1910 dixit
1809 1868 2088 1918 Hermannus,
2127 1866 2200 1907 sed
2227 1866 2371 1924 stolida
2398 1866 2519 1908 etiam

627 1939 734 1977 foret
761 1937 985 1991 loquacitas
1012 1937 1265 1988 Promethei,
1302 1945 1347 1977 ut
1382 1938 1449 1991 qui
1485 1939 1542 1977 eis
1575 1938 1616 1976 in
1644 1937 1893 1990 obiurgando
1920 1937 2057 1978 verbis
2084 1952 2180 1977 usus
2208 1944 2338 1988 esset,
2376 1937 2519 1991 quibus

627 2017 678 2043 ne
706 2003 966 2043 adversarius
994 2003 1175 2057 quidem,
1205 2005 1238 2044 si
1266 2018 1359 2044 suas
1387 2004 1562 2044 rationes
1589 2003 1690 2044 tueri
1717 2003 1859 2055 vellet,
1887 2003 2119 2045 honestiora
2142 2004 2293 2057 eligere
2311 2002 2517 2058 potuisset.

627 2070 685 2110 Ut
720 2071 761 2109 in
797 2075 912 2109 tanta
948 2070 1217 2110 maledicendi
1251 2070 1448 2110 modestia
1482 2070 1671 2109 ridiculus
1708 2072 1760 2110 sit
1793 2072 1990 2124 profecto,
2025 2071 2132 2124 quod
2168 2071 2281 2124 quasi
2315 2071 2395 2110 suis
2431 2071 2520 2123 ipse

629 2134 778 2175 aculeis
813 2134 1035 2176 delectatus
1068 2136 1173 2185 haec,
1214 2142 1259 2176 ut
1293 2137 1414 2187 vulgo
1450 2136 1781 2189 interpretantur,
1819 2135 1968 2176 addere
2004 2137 2153 2176 fertur:
2196 2135 2277 2185 „sic
2311 2135 2520 2189 superbire

629 2206 788 2252 oportet
814 2199 1052 2240 adversus
1079 2201 1401 2253 superbientes,“
1442 2201 1507 2239 vel
1542 2207 1585 2240 ut
1620 2201 1844 2240 Hermanni
1870 2202 2006 2241 verbis
2039 2207 2148 2252 utar,
2185 2200 2370 2250 „ferociae
2397 2213 2520 2254 oppo-

630 2265 761 2305 nenda
787 2265 976 2320 ferocia.“
1032 2265 1290 2320 Quamquam
1316 2269 1421 2310 hanc
1447 2270 1687 2309 sententiam
1713 2283 1763 2309 ne
1791 2269 1979 2324 responsi
2006 2268 2167 2324 quidem
2195 2269 2284 2310 loco
2312 2275 2404 2323 apte
2431 2282 2521 2323 pro-

629 2335 727 2373 ferri
745 2335 923 2387 potuisse
944 2335 1140 2377 existimo.
1193 2338 1298 2377 Nam
1320 2353 1396 2378 nec
1418 2339 1579 2378 omnino
1603 2338 1835 2378 Promethei
1856 2330 1945 2377 erat
1969 2338 2084 2386 ί’βριν
2111 2335 2249 2375 nescio
2267 2349 2388 2388 quam
2408 2348 2520 2375 suam

546 2410 564 2428 ⁴·
630 2399 831 2450 confiteri,
860 2414 937 2441 nee
964 2401 1141 2443 habebat
1168 2418 1240 2443 cur
1267 2405 1346 2454 eis,
1375 2418 1464 2458 quae
1489 2404 1717 2445 Mercurius
1744 2418 1781 2444 v.
1809 2406 1884 2444 972
1915 2417 1974 2457 sq.
2002 2402 2175 2453 dixerat,
2213 2416 2295 2442 suae
2323 2401 2520 2456 superbiae

630 2467 932 2507 excusationem
960 2468 1083 2509 ullam
1110 2477 1344 2523 opponeret.
1399 2470 1550 2510 Contra
1576 2470 1771 2510 Mercurii
1799 2484 1895 2510 sane
1929 2470 2045 2520 ὕβριν
2079 2469 2166 2508 iure
2203 2468 2317 2522 queri
2351 2473 2520 2521 poterat,

631 2533 779 2585 quippe
798 2533 867 2585 qui
886 2547 1033 2586 expers
1052 2535 1139 2588 ipse
1158 2536 1355 2576 malorum
1376 2543 1416 2575 et
1433 2536 1535 2575 liber
1554 2537 1690 2576 vincto
1716 2543 1756 2576 et
1779 2536 1924 2576 misere
1943 2536 2079 2576 habito
2097 2535 2292 2575 insultare
2310 2547 2349 2574 v.
2366 2535 2442 2574 972
2461 2547 2520 2587 sq.

632 2611 711 2637 non
747 2596 1001 2639 dubitaverit.
1054 2600 1197 2653 Itaque
1228 2616 1316 2641 cum
1346 2602 1474 2642 ironia
1498 2608 1665 2655 uterque
1688 2602 1798 2655 loqui
1815 2602 2016 2656 putandus
2039 2602 2106 2651 sit,
2134 2600 2339 2641 Mercurio
2362 2599 2523 2653 quidem

633 2663 798 2709 „melius
827 2663 948 2703 credo
976 2665 1145 2717 scilicet,
1182 2667 1273 2706 huic
1302 2669 1466 2722 scopulo
1501 2669 1654 2709 servire
1690 2683 1809 2722 quam
1836 2669 1932 2709 Jovi
1967 2668 2126 2708 fidelem
2163 2667 2348 2707 nuntium
2374 2671 2522 2719 praesto

630 2729 746 2768 esse“
775 2743 848 2782 per
876 2731 1175 2772 cavillationem
1201 2733 1393 2784 iactante,
1430 2734 1668 2774 Prometheo
1706 2741 1858 2784 autem,
1899 2735 1967 2787 qui
1994 2739 2116 2774 tantae
2144 2732 2397 2772 contumelias
2424 2730 2523 2770 indi-

630 2795 820 2844 gnatione
840 2809 955 2848 paene
975 2797 1244 2849 obmutescat,
1272 2799 1460 2840 laudante
1480 2800 1651 2840 ministri
1669 2799 1945 2854 inpudentiam
1961 2799 2023 2839 his
2039 2814 2048 2839 τ
2077 2799 2160 2852 „sic
2179 2798 2389 2852 superbire
2409 2797 2525 2837 decet

630 2859 697 2910 qui
738 2860 900 2911 superbi
937 2862 1053 2902 sint.“
1107 2864 1206 2904 Eius
1244 2878 1343 2904 vero
1382 2864 1657 2917 aegritudinem
1689 2879 1859 2918 carpens
1886 2864 2111 2905 Mercurius
2139 2863 2199 2903 his
2228 2863 2400 2915 „gestire
2427 2861 2525 2901 mihi
