2899 3743
1184 371 1483 445 —11,-'

391 517 538 559 videris
574 518 650 559 ista
687 532 767 572 qua
799 518 944 558 frueris
980 518 1167 559 fortuna“
1202 517 1333 557 denuo
1371 516 1547 556 excitare
1586 515 1744 556 videtur
1783 517 2024 570 Prometheo
2061 516 2273 555 iracundiae

390 598 550 635 vocem,
586 584 655 639 qui
681 584 744 625 bis
771 584 876 624 binis
903 584 1087 625 versibus
1113 585 1207 637 (976
1234 598 1294 638 sq.
1328 585 1405 624 979
1432 584 1511 638 sq.)
1542 581 1595 623 ad
1619 581 1797 636 singulos
1824 582 2015 623 Mercurii
2043 583 2275 637 compositis

391 652 607 691 acerrimas
634 650 884 689 inimicorum
911 651 1209 690 exsecrationes
1246 650 1399 689 ebullit.
1453 649 1624 699 Verum,
1660 655 1705 689 ut
1739 648 1868 689 dicam
1895 649 2002 703 quod
2029 649 2174 696 sentio,
2210 649 2275 689 vel

390 718 452 758 bis
484 716 706 758 rationibus
738 730 882 757 vereor
915 722 960 757 ut
985 716 1237 757 difficillimus
1264 716 1374 756 locus
1402 716 1509 755 omni
1542 729 1596 755 ex
1625 722 1740 768 parte
1774 715 1985 768 expeditus
2020 716 2082 755 sit.
2138 716 2277 754 Hoeret

320 785 333 788 ’
390 782 497 823 enim
533 782 670 836 utique
704 781 855 836 aliquid
890 781 1054 835 frigoris
1086 782 1129 822 in
1162 780 1264 822 dicto
1290 782 1359 822 illo
1390 782 1465 822 974
1496 786 1538 821 et
1564 780 1684 835 paulo
1711 781 1917 836 abruptius
1943 781 2096 834 gestire
2122 781 2275 822 deliciis

390 848 467 888 dici
494 848 672 898 videtur,
700 849 767 903 qui
794 849 1017 902 ignominia
1042 849 1208 890 afflictus
1235 862 1351 902 paene
1378 848 1584 889 obmutuit.
1630 846 1794 901 Optime
1820 853 1961 888 contra
1988 846 2038 887 ad
2067 847 2276 901 superiora

391 915 620 955 Promethei
646 917 724 954 970
750 930 809 968 sq.

900 1044 963 1091 τῆς
989 1046 1059 1090 σῆς
1085 1047 1261 1092 λατρείας
1288 1044 1353 1090 τὴν
1379 1043 1475 1091 ἐμὴν
1501 1043 1765 1091 δυσπραξίαν,

899 1111 1040 1157 σαφῶς
1067 1111 1252 1157 &alatae-2
1284 1110 1357 1147 οὐκ
1384 1110 1434 1146 ἄν
1459 1109 1664 1156 ἀλλάξαιμ’
1693 1110 1767 1157 ἐγώ

392 1236 562 1289 quadret
587 1236 666 1276 tale
693 1235 884 1275 Mercurii
912 1248 1173 1288 responsum:

895 1363 1032 1408 χλιδᾶν
1058 1360 1190 1405 ἔοικας
1218 1370 1292 1406 τοῖς
1318 1365 1486 1410 παροῦσι
1511 1363 1749 1410 πράγμασιν.

392 1487 549 1535 Quibus
576 1487 755 1527 adducor
780 1489 865 1526 fere
893 1493 936 1526 ut
970 1492 1052 1526 tres
1091 1486 1180 1525 illos
1219 1500 1361 1525 versus
1395 1487 1636 1536 972—974‚
1673 1500 1842 1539 quorum
1880 1488 1985 1541 apud
2023 1489 2275 1529 scholiastam

393 1553 616 1594 Mediceum
645 1553 793 1593 mentio
813 1567 902 1594 non
929 1559 1060 1602 extat,
1101 1552 1151 1592 ab
1177 1552 1371 1604 Aeschyli
1409 1558 1519 1592 textu
1555 1553 1717 1591 omnino
1755 1552 1906 1591 alienos
1944 1567 2033 1592 esse
2068 1554 2274 1594 coniciam.

394 1619 512 1668 Quod
540 1618 608 1673 qui
634 1618 884 1673 probaverit,
914 1618 1213 1659 concinniorem
1239 1624 1349 1658 certe
1377 1631 1606 1658 sermonum
1632 1616 1833 1667 ordinem,
1862 1632 2034 1672 eumque
2056 1620 2212 1660 Oceani
2238 1629 2277 1659 et

393 1685 624 1725 Promethei
652 1684 936 1725 concertationi
962 1685 1222 1736 (379—394)
1250 1698 1331 1725 non
1359 1683 1589 1724 dissimilem
1615 1682 1835 1746 lucrabitur
1863 1684 1997 1725 hunc:

735 1812 1934 1863 2÷2l2><s1÷2)11÷111†2s213><(1÷1).

496 1939 582 1978 Iam
609 1939 716 1978 enim
744 1938 924 1991 singulos
953 1938 1028 1977 sibi
1058 1938 1279 1978 versiculos
1298 1951 1498 1991 opponere
1527 1938 1723 1991 incipiunt
1747 1940 1872 1988 (981),
1904 1938 1975 1978 sed
1993 1953 2086 1978 mox
2110 1948 2276 1992 propter

394 2018 540 2044 novam
569 2004 850 2044 contumeliam
877 2005 1009 2057 (983):

901 2118 979 2162 εἴης
1006 2117 1176 2165 φορητός
1200 2116 1271 2153 οὐκ
1298 2114 1361 2160 ἄν,
1389 2119 1423 2153 εἰ
1448 2115 1639 2165 nostae-ors
1665 2119 1791 2161 καλῶς

392 2227 672 2278 ingemiscenti
698 2231 857 2265 tantum
884 2226 1024 2275 (ὤμοι)
1052 2224 1293 2265 Prometheo
1320 2223 1458 2265 incidit
1482 2223 1522 2263 in
1553 2238 1780 2265 sermonem
1799 2225 2025 2266 Mercurius
2046 2240 2274 2267 memorans

394 2305 484 2331 eam
513 2291 674 2344 quidem
702 2305 842 2331 vocem
878 2291 982 2341 ὤμοι
1014 2290 1044 2332 J
1047 2304 1163 2331 ovem
1198 2292 1398 2344 ignorare.
1452 2289 1578 2344 quue
1612 2291 1853 2345 interpellati
1888 2292 2020 2332 medio
2046 2307 2165 2333 versu
2195 2308 2275 2333 ser—

391 2358 523 2397 monis
550 2358 712 2397 unicum
740 2371 836 2396 sane
872 2357 914 2396 in
941 2357 1138 2411 Aeschyli
1174 2357 1354 2411 reliquiis
1390 2357 1614 2412 exemplum
1642 2364 1791 2411 quanta
1815 2360 1856 2399 vi
1884 2360 2058 2412 positum
2086 2361 2153 2410 sit,
2193 2374 2273 2400 non

392 2424 490 2463 satis
521 2422 798 2464 considerasse
825 2422 1030 2473 videntur,
1065 2423 1133 2476 qui
1165 2423 1216 2463 ad
1249 2423 1490 2476 explendum
1518 2423 1711 2463 Mercurii
1737 2424 1964 2465 trimetrum
1991 2426 2120 2479 repeti
2147 2426 2198 2465 ab
2226 2440 2273 2466 eo

392 2489 496 2538 ὦμοι
524 2489 750 2529 voluerunt.
797 2489 1031 2542 Sequuntur
1059 2502 1130 2528 sex
1150 2502 1293 2529 versus
1321 2488 1467 2541 singuli
1498 2503 1624 2542 nsque
1653 2489 1702 2529 ad
1727 2492 1813 2539 990,
1842 2504 1920 2542 quo
1947 2491 2271 2542 indignabundus

390 2554 617 2594 Mercurius
645 2555 849 2608 abrumpit
874 2555 1197 2595 altercationem:

895 2667 1159 2715 ἐκερτόμησας
1185 2668 1300 2713 δῆθεν
1326 2666 1422 2705 ὥστε
1449 2667 1568 2705 παῖδά
1594 2681 1653 2714 με.

390 2776 475 2815 lam
504 2777 625 2828 igitur
653 2777 919 2816 Prometheus
948 2776 1083 2816 decem
1111 2776 1294 2816 versibus
1323 2776 1518 2816 continuis
1549 2775 1867 2830 comprehendit,
1905 2776 2000 2831 quid
2023 2777 2141 2818 Jovis
2163 2793 2271 2819 man-

390 2841 492 2881 datis
521 2843 705 2895 responsi
733 2855 806 2895 per
832 2843 1015 2881 nuntium
1042 2842 1238 2896 reportari
1265 2842 1362 2883 velit
1387 2844 1475 2894 (991
1491 2867 1538 2873 —v
1555 2843 1688 2894 1000),
1729 2842 1954 2882 Mercurius
1982 2851 2116 2884 autem
2145 2847 2272 2899 prius·

390 2920 506 2958 quam
537 2921 651 2947 suum
681 2907 787 2960 quod
815 2907 934 2947 hodie
962 2907 1098 2947 dicunt
1126 2907 1399 2956 „ultimatum“
1437 2907 1742 2958 (1011-1039]
1782 2909 1978 2960 proferat,
2017 2924 2095 2948 uno
2131 2912 2271 2961 (1001)
