2899 3743
484 1060 630 1152 Quod
649 1078 842 1131 praeclaro
859 1092 988 1132 nuper
1002 1080 1087 1119 eius
1101 1080 1257 1128 fabulae,
1278 1091 1367 1131 quae
1382 1076 1546 1133 Septem
1562 1075 1615 1116 ad
1630 1076 1795 1115 Thebas
1810 1075 2051 1127 inscribitur,
2073 1078 2258 1131 exemplo

381 1144 613 1189 felicisslme
640 1142 930 1185 demonstravit
954 1143 1000 1184 F.
1027 1143 1291 1194 Bitschelius‚
1326 1149 1473 1185 certam
1504 1142 1546 1182 in
1579 1143 1840 1197 disponendis
1872 1143 2065 1183 diverbiis
2100 1157 2260 1197 quoque

381 1209 690 1264 aequabilitatem
717 1213 897 1247 secutum
929 1221 1019 1249 esse
1046 1208 1311 1263 Aeschylum,
1348 1207 1390 1247 id
1424 1207 1558 1248 nescio
1590 1221 1643 1248 an
1673 1208 1784 1249 nulla
1816 1207 1975 1263 plenius
2002 1207 2141 1250 fabula
2166 1221 2260 1250 con-

380 1277 560 1316 firmetur
583 1290 703 1328 quam
730 1275 1031 1325 Prometheo,
1060 1277 1172 1315 cuius
1196 1276 1264 1314 vix
1287 1275 1412 1314 ullam
1437 1281 1591 1326 partem
1611 1287 1700 1313 esse
1718 1274 1837 1314 video
1860 1275 1902 1313 in
1919 1287 1998 1328 qua
2016 1273 2172 1314 subtilis
2190 1273 2262 1313 illa

381 1330 589 1395 diligentia
624 1353 704 1380 non
740 1345 885 1394 sponte
919 1346 1124 1394 appareat.
1180 1340 1270 1381 Nec
1303 1340 1408 1392 fugit
1441 1345 1509 1379 aut
1540 1339 1804 1379 Welckerum
1830 1339 1925 1379 olim
1951 1340 2002 1379 de
2029 1339 2260 1379 Promethei

379 1406 540 1459 trilogia
566 1405 834 1459 disputantem
859 1406 917 1458 (p.
944 1407 996 1444 60
1021 1405 1194 1460 append.
1221 1405 1290 1457 69)
1314 1404 1592 1459 quaternarius
1619 1417 1831 1454 numerus,
1864 1418 1942 1459 quo
1971 1403 2083 1445 chori
2110 1417 2258 1449 semio-

381 1487 453 1513 nes
472 1472 621 1525 ubique
644 1472 730 1511 fere
749 1471 903 1511 definiti
925 1478 1033 1519 sunt,
1059 1478 1129 1511 aut
1148 1470 1199 1510 G.
1223 1472 1506 1510 Hermannum
1529 1471 1664 1519 (elem.
1685 1470 1722 1508 d.
1742 1484 1795 1509 m.
1817 1472 1908 1520 784)
1925 1470 2260 1523 anapaesticorum

380 1538 421 1577 in
457 1536 566 1589 exitu
602 1536 745 1576 fabulae
778 1542 1041 1589 systematum
1074 1537 1191 1586 ratio,
1229 1551 1317 1589 quae
1350 1537 1453 1575 inter
1489 1536 1772 1576 Prometheum
1805 1535 2049 1574 Mercurium
2094 1536 2259 1574 chorum

381 1603 456 1641 hoc
483 1602 648 1642 artificio
678 1601 887 1641 distributa
913 1607 1022 1642 sunt:

480 2024 562 2072 szd
582 2032 714 2072 statim
738 2031 778 2071 in
803 2031 996 2084 prooemio
1022 2029 1230 2070 Roboris
1256 2031 1284 2081 ¹)
1310 2043 1415 2069 caeca
1433 2029 1493 2069 vis
1512 2036 1552 2070 et
1570 2030 1718 2069 servile
1738 2030 1910 2070 studium
1942 2032 2162 2081 Volcani,
2191 2034 2258 2084 qui

378 2097 526 2136 invitus
550 2096 728 2149 imperiis
748 2097 833 2135 eius
861 2096 1124 2148 obtemperat,
1154 2108 1386 2149 compresso
1415 2095 1539 2135 dolori
1562 2094 1618 2135 ita
1636 2094 1863 2148 opponitur,
1892 2103 1935 2137 ut
1960 2096 2165 2151 loquacior
2191 2097 2257 2136 ille

378 2161 482 2201 binis
501 2162 585 2201 fere
602 2161 748 2212 (tribus
767 2161 879 2201 initio
898 2175 936 2200 v.
955 2163 1005 2200 36
1023 2161 1097 2212 H.)
1115 2160 1301 2200 versibus
1320 2160 1500 2212 increpet
1518 2160 1709 2210 alterum,
1732 2161 1797 2200 hic
1816 2162 2057 2214 respondeat
2075 2163 2256 2214 singulis.

379 2227 584 2281 Distingui
611 2234 745 2268 autem
769 2233 941 2282 possunt
967 2225 1053 2266 eius
1081 2225 1371 2273 altercationis,
1382 2225 1597 2280 aequabiles
1624 2226 1831 2279 particulae
1858 2234 1959 2274 tres,
1987 2243 2155 2281 quarum
2178 2229 2255 2268 sin-

371 2294 480 2345 ‘gulae
505 2294 635 2346 quinis
658 2293 864 2345 utriusque
890 2290 1073 2344 personae
1089 2291 1350 2330 'sermonibus
1377 2297 1571 2330 constant.
1616 2291 1722 2330 Nam
1745 2292 1953 2340 exordium
1976 2307 1999 2331 a
2022 2294 2140 2345 culpa
2163 2293 2257 2332 Pro-

377 2358 525 2399 methei
558 2365 598 2398 et
629 2357 797 2411 parendi
826 2357 1068 2398 necessitate
1102 2357 1271 2397 sumitur
1303 2357 1532 2409 (36—51);
1574 2356 1716 2398 deinde
1750 2357 1802 2398 ad
1833 2358 2087 2399 vinciendum
2121 2368 2160 2399 et
2191 2361 2255 2399 ad-

376 2424 584 2480 fimdum
618 2425 677 2464 rei
711 2438 856 2478 corpus
895 2423 1110 2476 accedunt,
1154 2425 1225 2465 sed
1261 2425 1330 2465 ubi
1365 2430 1501 2479 pectus
1538 2426 1660 2466 etiam
1696 2427 1812 2467 amici
1847 2441 1972 2467 cuneo
2010 2429 2254 2468 transforare

369 2478 533 2535 ffibetur
558 2491 779 2540 Volcanus,
811 2492 1079 2543 ingemiscens
1106 2491 1157 2531 ad
1182 2491 1498 2531 crudelissimum
1525 2491 1755 2531 mandatum
1780 2492 1944 2531 brachia
1971 2492 2144 2532 demittit
2172 2507 2255 2532 mo—

377 2570 542 2610 ramque
561 2570 728 2610 parvam
747 2556 896 2608 negotii
918 2556 1040 2597 infert
1065 2558 1169 2609 (66);
1197 2565 1239 2598 at
1261 2558 1491 2598 saevioribus
1517 2559 1652 2597 statim
1677 2558 1850 2597 custodis
1874 2559 1993 2597 minis
2018 2560 2254 2611 perterritus

375 2621 571 2675 reliquum
599 2635 743 2661 munus
771 2623 1004 2675 exsequitur
1030 2637 1156 2677 usque
1184 2623 1235 2662 ad
1267 2637 1305 2662 V.
1339 2624 1402 2663 81.
1453 2622 1572 2672 Quod
1601 2628 1646 2663 ut
1680 2621 1896 2662 sentiretur
1927 2622 2154 2670 artificium,
2188 2638 2254 2664 ne-

377 2702 488 2727 cesse
516 2695 602 2727 erat
628 2688 670 2726 in
699 2688 901 2728 recitando
932 2696 1088 2728 actores
1120 2695 1212 2740 post
1238 2703 1381 2728 versus
1414 2692 1473 2729 35.
1501 2691 1562 2728 51.
1590 2691 1652 2727 67.
1679 2689 1728 2726 81
1755 2701 1922 2740 pausam
1949 2689 2141 2729 facerent.
2202 2691 2256 2729 Et

377 2766 466 2791 cum
494 2752 633 2792 Robur
665 2751 811 2805 ubique
838 2752 992 2793 initium
1019 2753 1208 2806 loquendi
1240 2754 1379 2804 faciat,
1415 2756 1533 2794 etiam
1566 2767 1614 2793 eo
1648 2753 1891 2792 audientium
1918 2753 2072 2794 animos
2100 2755 2255 2795 adverti

375 2817 529 2857 curavit
555 2825 689 2870 poeta,
726 2818 832 2870 quod
864 2825 955 2872 post
989 2808 1304 2860 intermissiones
1332 2820 1421 2860 illas
1448 2819 1586 2860 eadem
1614 2819 1698 2858 fere
1727 2818 1943 2868 sententia,
1984 2834 2062 2872 qua
2089 2821 2256 2861 tarditas

376 2882 546 2922 Volcani
574 2883 900 2935 reprehenditur,
929 2891 990 2923 ter
1019 2886 1208 2925 recurrit:
