2899 3743
1138 369 1403 416 -7-

686 491 759 530 σόν
783 489 911 540 ἔγρον,
937 491 1016 533 Ἰοῖ.
1043 491 1162 529 ταῖσδ’
1192 490 1432 540 ὑπουργῆσαι
1458 490 1585 540 χάριν,

687 555 808 599 ἄλλως
835 571 870 593 τε
897 556 1045 602 πάντως
1071 561 1138 592 καὶ
1163 555 1410 604 κασιγνήταις
1434 555 1587 604 πατρός.

685 625 735 669 ὥς
762 625 1031 662 τάποκλαῦσαι
1057 624 1362 672 κάποδύρασθαι
1388 623 1502 669 τύχας

685 690 848 739 ἐνταῦθ’,
876 688 953 736 ὅπη
979 691 1114 738 μέλλοι
1140 703 1193 733 τις
1218 690 1403 727 οἴσεσθαι
1428 687 1552 737 δάκρυ

685 755 783 806 πρὸς
810 757 884 795 τῶν
911 755 1112 800 κλυόντων,
1139 756 1257 801 ἀξίαν
1282 754 1415 805 τριβήν
1441 753 1532 800 ἔχει.

332 898 418 939 Nec
452 896 690 952 repugnabo
728 895 932 950 equidem,
970 895 1005 935 si
1037 895 1126 949 quis
1161 909 1199 935 v.
1229 896 1304 936 637
1339 894 1391 935 ab
1419 893 1611 948 Aeschyli
1648 900 1734 935 arte
1765 894 1939 935 alienum
1966 898 2007 934 et
2040 908 2065 934 a
2098 893 2210 933 scho-

332 965 455 1005 liastae
483 965 614 1018 potius
643 963 866 1003 eruditione
892 962 1114 1016 profectum
1140 975 1231 1002 esse
1257 961 1446 1015 arguerit.
1490 960 1767 1001 Pulcherrima
1791 974 1913 1013 porro
1939 960 2049 1000 Ionis
2075 973 2210 999 narra-

331 1031 439 1070 tione
464 1030 564 1070 adeo
587 1035 863 1070 commovetur
881 1029 1107 1082 puellarum
1126 1028 1302 1078 animus,
1331 1033 1375 1067 ut
1395 1028 1437 1067 in
1459 1026 1750 1067 cantiunculam
1775 1026 1983 1066 effundant
2003 1026 2210 1065 horrorem

331 1097 425 1147 (688
441 1096 598 1149 -695).
649 1093 738 1143 Quo
762 1094 807 1135 fit
828 1100 891 1144 ut,
919 1108 1010 1134 eum
1036 1092 1089 1134 ad
1114 1093 1319 1134 trimetros
1344 1092 1535 1133 transitus
1563 1092 1707 1147 aliquis
1733 1091 1939 1146 parandus
1966 1097 2090 1142 esset,
2118 1104 2211 1145 qua-

330 1169 420 1202 tuor
444 1175 590 1202 versus
615 1162 762 1213 (696-
775 1162 887 1213 699),
925 1160 993 1213 qui
1018 1159 1219 1200 vaticiniis
1245 1159 1476 1200 Promethei
1513 1159 1652 1213 primis
1687 1160 1929 1213 praefantur,
1970 1172 2052 1198 non
2088 1157 2211 1197 choro

332 1226 411 1268 soli*
431 1227 567 1268 tributi
593 1226 665 1267 sed
690 1227 795 1281 inter
821 1232 1054 1279 utramque,
1083 1226 1194 1265 chori
1219 1225 1307 1266 dico
1331 1232 1372 1266 et
1395 1226 1639 1273 Promethei,
1666 1239 1882 1278 personam
1909 1224 2090 1277 dispositi
2117 1224 2210 1262 sint.

331 1292 524 1334 Secundis
551 1292 686 1333 ta'men
712 1297 754 1332 et
777 1291 903 1332 tertiis
930 1304 1068 1332 rursus
1095 1290 1208 1332 chori
1233 1290 1466 1346 praecedunt
1491 1304 1632 1332 versus
1660 1290 1847 1344 quaterni
1879 1290 1974 1342 (783
2010 1303 2097 1343 sqq.
2135 1289 2213 1328 820

332 1361 454 1412 sqq),
489 1358 732 1411 totidemque
759 1357 929 1397 iambica
954 1357 1075 1397 totius
1101 1357 1247 1397 fabulae
1274 1357 1453 1398 diverbia
1479 1356 1721 1398 concludunt
1744 1357 1864 1407 (1040
1890 1356 2014 1409 sqq.).
2042 1373 2046 1377 ¹
2067 1355 2122 1394 Et
2147 1353 2211 1393 his

330 1424 574 1464 absolvimus
601 1423 711 1463 chori
737 1430 941 1463 sermones
967 1437 1107 1464 omnes
1135 1429 1304 1476 excepto
1337 1439 1415 1464 uno
1449 1424 1535 1464 loco
1566 1424 1660 1474 (932
1694 1424 1821 1475 sqq.),
1860 1423 1928 1475 qui
1953 1434 2087 1474 neque
2115 1434 2211 1473 qua-

329 1488 548 1529 ternarium
576 1501 651 1528 nec
676 1487 890 1540 (ut'semel
915 1488 1066 1528 factum
1091 1487 1285 1541 vidimus)
1313 1488 1525 1540 senarium,
1554 1489 1626 1529 sed
1652 1488 1879 1542 quinarium
1905 1500 2116 1528 numerum
2143 1499 2211 1526 ex-

330 1555 458 1604 hibet,
491 1556 548 1594 ita
574 1560 707 1593 autem
736 1560 989 1606 comparatus
1026 1560 1108 1603 est,
1146 1560 1191 1593 ut
1223 1567 1301 1594 nec
1335 1554 1618 1607 interpolatum
1654 1553 1873 1607 quidquam
1906 1565 1982 1593 nec
2018 1552 2210 1592 omissum

331 1633 421 1659 esse
462 1619 581 1659 facile
619 1624 823 1672 appareat.
876 1618 1020 1671 Itaque
1057 1624 1126 1659 aut
1160 1618 1455 1659 concedendum
1466 1649 1478 1669 ‚
1514 1619 1641 1659 semel
1683 1623 1880 1660 incertum
1923 1631 2001 1671 quo
2045 1615 2211 1657 consilio

332 1690 582 1726 constantem
609 1683 935 1725 consuetudinem
961 1684 1154 1725 abiecisse
1180 1690 1363 1739 poetam,
1401 1691 1467 1726 aut
1500 1685 1589 1740 ipsa
1622 1684 1692 1725 illa
1727 1699 1816 1739 quae
1850 1684 2011 1725 videtur
2037 1697 2128 1724 esse
2154 1684 2212 1723 in-

333 1752 557 1791 constantia
582 1751 638 1789 ita
664 1750 905 1804 explicanda
931 1750 1024 1800 erit,
1060 1757 1105 1791 ut
1128 1765 1278 1791 novum
1305 1751 1399 1791 inde
1423 1751 1527 1804 legis
1554 1757 1701 1792 nostrae
1730 1756 2008 1804 argumentum
2035 1755 2210 1790 eruatur.

330 1817 378 1857 Id
405 1822 539 1857 autem
574 1816 651 1855 hac
684 1816 783 1855 mihi
817 1815 957 1855 videor
992 1816 1291 1856 ratiocinatione
1328 1818 1482 1857 efficere
1513 1831 1645 1870 posse.
1702 1817 1881 1857 Conatur
1907 1816 2013 1856 enim
2040 1815 2211 1867 singulis

330 1881 512 1921 versibus
540 1887 710 1934 quatuor
738 1881 882 1920 chorus
909 1894 1100 1921 revocare
1126 1880 1410 1921 Prometheum
1440 1881 1494 1932 ab
1524 1882 1649 1922 atroci
1674 1881 1932 1932 confidentia,
1968 1881 2086 1934 eique
2114 1880 2211 1920 Pro-

331 1947 512 1987 metheus
534 1952 574 1986 et
597 1946 685 1998 ipse
709 1945 878 1997 singulis
898 1945 1043 1986 totiens
1060 1946 1278 1999 respondet
1298 1948 1569 1999 (932—939).
1614 1947 1737 1987 Cuius
1764 1948 1954 1987 extremis
1980 1961 2032 1987 ex
2054 1947 2210 1987 verbis:

329 2011 453 2051 πάντα
480 2011 728 2062 προσδόκητά
757 2027 829 2064 μοι
854 2025 943 2051 cum
969 2010 1243 2053 intellexerint
1269 2011 1501 2064 Oceanidae,
1529 2028 1636 2054 vana
1662 2028 1750 2054 esse
1778 2013 1989 2055 conamina
2015 2027 2106 2062 sua,
2133 2013 2212 2052 iam

329 2077 518 2130 periculis
555 2077 826 2130 proponendis
864 2077 1107 2117 obstinatum
1143 2077 1261 2118 amici
1297 2077 1472 2119 animum
1508 2079 1752 2120 commoveri
1790 2093 1910 2134 posse
1950 2078 2212 2133 desperantes

329 2142 585 2193 brevissimo,
615 2143 685 2182 sed
713 2143 854 2182 eodem
881 2143 1123 2196 gravissimo
1150 2143 1254 2184 dicto
1283 2158 1401 2198 quam
1427 2145 1526 2198 ipsae
1555 2145 1753 2186 sentiendi
1781 2144 2067 2199 cogitandique
2095 2145 2210 2186 ratio-

330 2222 422 2248 nem
450 2214 612 2248 teneant
639 2209 981 2262 comprehendunt
1006 2210 1135 2258 (940):

785 2349 825 2382 οἱ
852 2346 1154 2394 προσκυνοῦντες
1182 2345 1248 2393 τήν
1277 2347 1519 2397 Ἀδράστειαν
1543 2355 1678 2395 σοφοί.

334 2479 388 2518 Ut
422 2479 487 2518 hic
522 2493 623 2518 unus
659 2480 881 2519 versiculus
915 2486 1083 2533 quatuor
1119 2480 1222 2530 illis,
1265 2482 1334 2534 qui
1368 2487 1686 2531 antecesserunt,
1731 2484 1845 2536 quasi
1879 2497 1954 2536 par
1994 2484 2212 2524 existimari

331 2544 466 2598 possit.
518 2544 783 2585 Prometheus
812 2551 962 2596 autem,
999 2561 1118 2600 quam
1143 2546 1242 2587 nihil
1269 2553 1489 2588 commotus
1517 2548 1569 2588 sit
1597 2563 1643 2588 eo
1671 2555 1890 2602 praecepto,
1927 2550 2143 2590 fortissime
2172 2559 2213 2591 et

330 2612 415 2663 ipse
442 2611 498 2650 ita
524 2611 735 2663 significat,
771 2617 815 2651 ut
849 2617 1037 2651 extremae
1066 2611 1365 2652 Oceanidarum
1391 2612 1478 2652 voci
1505 2619 1682 2667 opponat
1708 2613 1919 2654 continuos
1945 2628 2088 2655 versus
2117 2628 2213 2671 qua-

329 2684 420 2717 tuor
444 2678 537 2729 (941
551 2679 728 2729 —-944)‚
763 2677 907 2730 quibus
935 2677 997 2717 sui
1023 2677 1146 2717 animi
1180 2692 1322 2718 sensus
1350 2693 1467 2732 quam
1493 2679 1582 2718 fieri
1609 2686 1741 2732 potest
1768 2681 1964 2720 acerrime
1992 2681 2213 2721 confirmat.

329 2742 472 2796 Itaque
500 2756 589 2782 cum
609 2756 771 2782 versum
797 2744 874 2782 940
899 2742 1014 2796 quasi
1040 2743 1252 2797 complecti
1278 2744 1448 2785 dixerim
1472 2744 1561 2785 illos
1589 2747 1674 2786 932.
1703 2748 1791 2787 934.
1819 2749 1908 2787 936.
1935 2749 2022 2798 938,
2051 2748 2215 2789 Prome—

320 2809 414 2848 -thei
440 2809 546 2848 dicta
572 2823 611 2848 v.
637 2812 723 2849 933.
751 2811 838 2849 935.
866 2811 951 2849 937.
980 2811 1056 2849 939
1082 2810 1212 2864 repeti
1238 2811 1545 2864 quodammodo
1560 2817 1601 2851 et
1628 2811 1855 2852 confirmari
1878 2813 2005 2853 sentio
2029 2814 2214 2854 versibus

331 2874 558 2914 941-944.
601 2874 705 2914 Nam
733 2875 801 2928 qui
830 2880 1052 2928 sequuntur
1079 2881 1161 2916 tres
1179 2876 1378 2918 versiculi
1402 2877 1592 2917 Mercurii
1618 2876 1836 2917 adventum
1862 2878 2095 2919 nuntiantes
2125 2893 2215 2918 cum
