2961 3750
1438 336 1706 380 —6-.

725 453 973 493 Accedimus
1009 453 1062 492 ad
1099 454 1232 492 chori
1252 454 1285 504 ²)
1312 453 1517 493 sermones
1554 453 1771 503 iambicos,
1809 466 1909 506 quos
1946 453 2203 506 quaternario
2238 454 2322 493 fere
2348 466 2513 494 numero

626 519 824 558 contineri
851 517 1094 557 Welckerus
1121 517 1235 566 olim,
1263 523 1308 558 ut
1334 518 1524 567 diximus,
1551 517 1850 568 animadvertit,
1878 518 2046 571 eiusque
2065 519 2224 559 artificii
2242 519 2407 559 causam
2423 533 2512 571 pro-

624 582 800 623 babilem
836 596 861 622 a
897 581 1091 636 quadrato
1120 581 1405 642 choreutarum
1429 582 1589 636 agmine
1622 581 1795 637 repetiit.
1850 580 1971 631 Quod
1996 588 2134 624 tamen
2159 582 2227 624 ille
2255 597 2347 624 cum
2373 582 2512 638 paucis

624 648 854 700 significare
892 648 990 686 satis
1026 648 1234 697 habuerit,
1270 655 1450 688 nostrum
1485 655 1619 688 autem
1652 647 1704 687 ad
1739 647 1970 699 consilium,
2011 656 2056 689 ut
2090 655 2323 689 constanter
2357 650 2399 688 in
2434 649 2511 688 hac

621 713 759 754 fabula
792 712 1045 766 Aeschylum
1080 713 1394 754 concinnitatem
1428 726 1658 754 sermonum
1694 719 1874 754 secutum
1909 727 1999 755 esse
2036 714 2374 765 demonstremus,
2412 713 2510 767 ipsae

623 781 731 821 chori
764 780 1092 821 interlocutiones
1119 780 1338 833 plurimum
1364 779 1542 830 valeant,
1579 779 1699 833 paulo
1726 780 1952 821 accuratius
1980 779 2029 821 de
2064 780 2244 834 partibus
2273 781 2378 830 eius,
2409 793 2510 834 quas

622 845 782 899 quidem
810 847 853 884 in
881 844 1072 895 diverbiis
1099 845 1245 899 egerit,
1281 846 1563 899 disputandum
1596 837 1684 884 est.⁴
1725 844 1860 885 Tanta
1886 852 2019 885 autem
2047 845 2273 885 constantia
2305 852 2413 898 poeta
2439 858 2508 884 nu-

619 925 776 952 merum
801 910 917 951 illum
944 910 1244 965 quaternarium
1271 911 1452 961 retinuit,
1489 917 1532 952 ut
1566 910 1779 951 continuos
1804 925 1949 952 versus
1976 911 2168 952 iambicos
2196 918 2413 965 quaternos
2441 924 2509 951 no-

619 978 752 1027 viens,
781 977 882 1017 duos
910 977 1036 1017 semel
1063 974 1217 1017 tantum
1245 977 1341 1029 (698
1368 978 1445 1031 sq.)
1468 977 1589 1017 choro
1617 976 1816 1018 tribuerit.
1866 976 1979 1024 ,Usus
2006 983 2140 1018 autem
2166 991 2214 1018 eo
2241 991 2409 1018 numero
2435 982 2507 1026 est,

618 1043 859 1095 ubicumque
888 1042 1068 1094 singulos
1095 1042 1242 1082 fabulae
1270 1043 1384 1095 quasi
1410 1043 1596 1083 articulos
1618 1042 1750 1095 aliquo
1778 1043 1896 1082 modo
1926 1043 2176 1096 distinguere
2204 1043 2336 1083 vellet.
2366 1042 2508 1096 Itaque

618 1108 824 1162 quaternis
852 1107 1037 1148 versibus
1074 1114 1115 1148 et
1149 1108 1238 1162 ipso
1276 1108 1395 1162 primi
1429 1107 1599 1161 episodii
1634 1107 1748 1148 initio
1781 1108 1894 1160 (195)
1928 1109 2073 1149 chorus
2101 1109 2385 1150 Prometheum
2413 1107 2509 1162 quid

619 1175 745 1229 culpae
772 1175 1018 1215 commiserit
1043 1188 1210 1214 narrare
1237 1174 1367 1225 iubet,
1402 1180 1440 1214 et
1466 1174 1651 1214 absoluta
1678 1187 1726 1214 ea
1753 1174 1984 1215 narratione
2009 1175 2122 1227 (244)
2147 1174 2319 1215 eundem
2347 1175 2507 1215 commi—

618 1249 789 1281 seratur.
842 1241 1004 1280 Deinde
1041 1248 1253 1293 postquam
1287 1248 1332 1280 ut
1367 1241 1527 1293 singula
1562 1240 1744 1294 quaedam
1781 1254 1910 1294 eaque
1947 1254 2104 1279 summa
2143 1241 2373 1280 Promethei
2409 1254 2507 1291 erga

616 1321 744 1361 genus
771 1307 992 1352 humanum
1018 1305 1217 1347 beneficia
1242 1305 1355 1352 velut
1387 1305 1631 1360 capitulatim
1666 1305 1892 1358 significata
1926 1305 2093 1346 clariore
2124 1306 2165 1346 in
2191 1306 2280 1351 luce
2308 1319 2505 1359 poneren-

615 1380 699 1423 tur,
730 1372 898 1425 singulis
925 1378 1095 1426 uterque
1122 1372 1310 1412 versibus
1339 1372 1497 1412 sexiens
1526 1386 1569 1411 se
1598 1378 1849 1424 exceperunt
1873 1371 1986 1423 (nam
2005 1371 2235 1412 Promethei
2256 1385 2348 1411 esse
2374 1385 2410 1411 v.
2431 1372 2506 1410 258

613 1439 816 1491 persuasit
841 1438 1089 1478 Welckerus
1108 1440 1164 1489 ⁸),
1206 1439 1274 1491 qui
1311 1452 1381 1476 sex
1416 1438 1527 1476 chori
1556 1437 1674 1489 paria
1700 1451 1775 1476 sex
1794 1435 1894 1476 'illos
1920 1437 2123 1477 trimetros
2151 1437 2385 1477 recitavisse
2414 1451 2504 1476 con—

614 1505 745 1557 iecit]:
775 1518 865 1545 eam
888 1517 1047 1558 quoque
1069 1503 1333 1557 quaestionem
1357 1516 1493 1543 rursus
1520 1508 1690 1555 quatuor
1712 1501 1899 1542 versibus
1927 1502 2131 1543 concludit
2157 1503 2301 1543 chorus
2324 1516 2503 1551 monens,

614 1578 658 1609 ut
689 1571 864 1623 aliquam
899 1569 1085 1622 supplicii
1118 1569 1359 1609 solutionem
1391 1574 1542 1621 quaerat
1574 1568 1859 1618 Prometheus3
1900 1567 1967 1621 qui
1999 1568 2105 1621 quod
2133 1568 2283 1608 monita
2310 1567 2380 1608 illa
2407 1568 2504 1608 item

612 1636 673 1675 bis
702 1642 872 1689 quatuor
898 1635 1084 1675 versibus
1112 1636 1208 1688 (265
1225 1636 1376 1687 -272)
1411 1635 1622 1685 detrectat,
1658 1649 1709 1674 ne
1744 1635 1784 1674 id
1819 1634 1980 1688 quidem
2016 1635 2187 1674 fortasse
2222 1648 2302 1673 non
2338 1634 2503 1673 consilio

611 1708 727 1756 poetae
762 1702 987 1742 institutum
1024 1707 1097 1741 est.
1150 1701 1271 1742 Redit
1308 1716 1426 1756 porro
1465 1701 1605 1742 eadem
1641 1702 1865 1743 observatio
1900 1701 1943 1741 in
1980 1701 2156 1742 secundo
2195 1700 2394 1754 episodio,
2436 1701 2501 1741 ubi

612 1768 766 1807 duabus
793 1767 872 1806 illis
899 1766 1131 1807 Promethei
1158 1767 1422 1816 orationibus,
1460 1767 1603 1821 quibus
1640 1767 1689 1807 de
1716 1779 1868 1820 genere
1895 1767 2070 1807 humano
2098 1781 2150 1807 ex
2177 1767 2340 1807 miseria
2366 1774 2501 1807 erecto

612 1833 773 1881 dicitur,
817 1846 956 1871 rursus
990 1839 1159 1884 quatuor
1192 1832 1418 1885 interpositi
1452 1839 1546 1872 sunt
1580 1833 1692 1872 chori
1717 1846 1860 1871 versus
1887 1835 1980 1882 (473
2005 1836 2129 1885 sqq.),
2171 1833 2315 1885 quibus
2344 1833 2499 1880 medici,

611 1897 678 1950 qui
707 1894 782 1935 sibi
809 1897 896 1950 ipse
924 1896 1077 1936 mederi
1106 1895 1278 1946 nesciat,
1313 1896 1448 1936 similis
1479 1897 1606 1937 dictus
1635 1897 1899 1937 Prometheus
1927 1897 2127 1947 meminit,
2156 1898 2244 1950 ipsa
2270 1897 2500 1937 morborum

610 1977 651 2002 se
681 1963 860 2002 remedia
888 1970 930 2002 et
956 1963 989 2001 si
1019 1977 1106 2014 quae
1140 1969 1234 2001 sunt
1265 1962 1343 2001 alia
1375 1962 1582 2001 sanctioris
1611 1962 1832 2015 disciplinae
1860 1969 2063 2016 praecepta
2090 1963 2273 2001 homines
2303 1962 2498 2003 docuisse.

609 2029 783 2069 Finitam
812 2029 897 2069 eius
926 2028 1147 2068 orationem
1175 2029 1289 2079 (508)
1315 2029 1409 2068 item
1436 2035 1606 2081 quatuor
1634 2029 1745 2069 chori
1774 2028 1979 2081 excipiunt
2004 2042 2165 2077 versus,
2199 2029 2267 2081 qui
2294 2043 2383 2068 cum
2411 2042 2497 2081 spe-

609 2110 697 2136 rare
726 2109 768 2135 se
797 2094 959 2144 dixerit,
987 2095 1073 2135 fore
1101 2100 1144 2133 ut
1170 2093 1386 2147 aliquando
1412 2094 1631 2147 potentiam
1658 2093 1775 2134 Jovis
1804 2100 1987 2147 exaequet
2013 2094 2299 2144 Prometheus,
2334 2094 2498 2134 totidem

609 2163 674 2202 hic
702 2162 888 2202 versibus
914 2162 1010 2213 (513
1038 2161 1148 2215 sqq.)
1185 2160 1237 2200 ad
1272 2160 1520 2200 necessitatis
1555 2160 1762 2201 arbitrium
1798 2174 1891 2214 spes
1928 2159 2017 2200 illas
2045 2160 2183 2212 reicit3
2211 2159 2316 2200 unde
2343 2160 2497 2213 gravis-

609 2229 709 2268 sima
729 2226 905 2281 singulis
933 2228 1037 2267 inter
1060 2241 1104 2266 se
1125 2226 1311 2266 versibus
1333 2233 1472 2280 quater
1497 2227 1781 2267 alternantium
1804 2226 1853 2266 de
1872 2226 2128 2266 necessitatis
2148 2226 2495 2279 gubernatricibus

606 2294 804 2346 «Iovisque
831 2293 913 2333 fato
941 2292 1202 2344 interrogatio
1240 2292 1514 2345 subsequitur,
1554 2306 1642 2345 quae
1678 2299 1813 2331 tamen
1848 2293 1938 2345 ipsa
1975 2306 2055 2332 non
2091 2306 2188 2342 uno,
2227 2292 2300 2332 sed
2327 2299 2496 2346 quatuor

607 2359 837 2400 Promethei
865 2366 1020 2399 secreta
1045 2358 1223 2411 tegentis
1252 2357 1432 2397 versibus
1461 2357 1589 2397 subito
1617 2357 1868 2411 abrumpitur
1896 2358 1990 2409 (524
2017 2358 2138 2411 sqq.).
2194 2358 2242 2397 In
2269 2358 2386 2398 tertio
2414 2359 2494 2411 epi-

606 2427 717 2467 sodio
744 2426 917 2480 primum
952 2432 1044 2479 post
1069 2440 1107 2465 v.
1136 2427 1228 2474 631,
1267 2424 1349 2464 ubi>
1366 2425 1636 2477 expositurum
1670 2439 1714 2464 se
1747 2425 1835 2464 Ioni
1869 2424 1918 2464 de
1944 2424 2087 2464 futuris
2116 2425 2321 2464 erroribus
2350 2426 2493 2483 promi·

606 2499 713 2532 serat
740 2492 1022 2541 Prometheus,
1059 2492 1205 2530 chorus
1241 2491 1452 2529 intercedit
1489 2497 1629 2543 petens
1665 2499 1710 2529 ut
1745 2496 1863 2529 antea
1900 2490 1967 2529 illa
2007 2504 2168 2530 causam
2205 2490 2384 2530 laborum
2419 2491 2494 2529 sibi

606 2566 777 2599 enarret.
830 2558 1028 2611 Loquitur
1055 2563 1188 2597 autem
1216 2556 1280 2596 hic
1308 2570 1465 2610 quoque
1496 2556 1678 2596 versibus
1707 2563 1891 2609 quatuor,
1928 2563 1972 2597 ut
2006 2557 2046 2596 in
2084 2564 2196 2597 tanta
2232 2570 2491 2597 numerorum

605 2624 829 2665 constantia
857 2623 1037 2676 profecto
1065 2622 1210 2661 mirum
1239 2621 1304 2670 sit,
1344 2621 1449 2674 quod
1483 2621 1657 2676 quinque
1692 2621 1874 2661 versibus
1904 2621 2169 2662 Prometheus
2198 2621 2394 2674 virginem
2424 2622 2491 2661 ob-

606 2692 718 2743 sequi
747 2690 986 2743 patruelium
1015 2688 1224 2728 desideriis
1252 2688 1361 2728 iubet
1385 2689 1514 2738 (636):
