2961 3750
1432 346 1700 390 -4—

927 464 1000 503 εἶεν
1013 473 1023 484 ·
1052 471 1086 503 τί
1112 468 1198 514 μέλ
1207 467 1251 502 λε
1260 479 1298 508 ις
1326 470 1392 502 καὶ
1421 469 1664 511 κατοικτίζεις
1690 465 1840 514 μάτην;
2053 466 2102 505 36

1556 545 1578 567 ιιι

924 608 1069 647 οὔκουν
1096 614 1149 647 ἐπ
1160 624 1176 647 ε
1186 615 1203 647 ί
1209 611 1230 655 ξ
1239 623 1276 648 ει
1303 609 1430 659 δεσμὰ
1456 611 1547 657 τῷδε
1575 612 1808 658 περιβαλεῖν,
2053 610 2103 651 52

926 675 979 717 ὥς
1003 674 1061 722 μή
1088 675 1121 711 0³
1151 676 1413 713 ἐλινύοντα
1437 677 1689 724 προσδερχθῇ
1716 676 1839 725 πατήρ
1852 691 1868 722 ;

1550 753 1571 775 ιι

926 818 974 857 σύ
1002 819 1034 855 δ’
1064 815 1117 856 αὖ
1144 827 1409 863 κατοκνεῖς
1434 821 1507 857 τῶν
1535 819 1628 863 Διός
1652 820 1681 857 τ’
1707 822 1864 871 ἐχθρῶν
1888 820 1984 870 ὕπερ
2052 821 2101 861 67

924 890 1065 928 στένεις
1074 898 1092 931 ‚·
1118 884 1223 930 ὅπως
1249 886 1305 933 μὴ
1333 884 1476 923 σαυτόν
1503 889 1653 929 οἰκτιεῖς
1680 893 1785 928 ποτέ.

724 1008 991 1049 Intervallum
1018 1014 1153 1049 autem
1181 1009 1357 1049 vicissim
1391 1008 1584 1050 recitandi
1617 1023 1706 1049 cum
1734 1008 1907 1049 Volcani
1936 1015 1976 1049 et
2002 997 2137 1049 verbis
2165 1015 2206 1050 et
2230 1016 2351 1062 gestu
2376 1010 2508 1065 aliquo

622 1075 801 1128 apertius
838 1074 1147 1127 significandum
1183 1081 1311 1125 esset,
1350 1073 1631 1128 inquirendum
1666 1080 1729 1115 est
1761 1074 1804 1114 in
1837 1088 1978 1115 versus
2013 1075 2063 1115 51
2099 1074 2351 1115 sententiam.
2402 1074 2509 1115 Nam

622 1144 832 1192 postquam
868 1139 1051 1179 Volcano
1092 1140 1150 1191 (v.
1179 1140 1248 1191 48)
1285 1139 1479 1180 fabricam
1515 1140 1667 1180 utinam
1704 1153 1755 1180 ne
1791 1153 1982 1195 umquam
2018 1140 2178 1180 sortitus
2212 1146 2322 1181 esset
2356 1141 2509 1193 optanti

621 1203 829 1256 respondit
853 1203 995 1243 Robur

927 1329 1062 1368 ἅπαντ’
1092 1331 1248 1377 ἐπαχθῆ
1274 1330 1372 1377 πλήν
1398 1334 1523 1368 θεοῖσι
1551 1338 1757 1380 κοιρανεῖν.

926 1395 1130 1447 ἐλεύθερος
1153 1395 1231 1447 γὰρ
1258 1394 1361 1441 οὔτις
1387 1401 1464 1435 ἐστὶ
1491 1396 1588 1444 πλήν
1615 1396 1710 1441 Διός

620 1519 659 1559 h.
690 1533 723 1559 e.
755 1520 913 1570 „omnia
939 1519 1089 1574 quippe
1115 1519 1286 1561 molesta
1313 1525 1354 1560 et
1380 1526 1570 1561 onerosa“
1612 1521 1678 1561 vel
1717 1520 1896 1570 „nullum
1924 1527 1985 1561 est
2010 1535 2155 1562 munus
2183 1520 2288 1576 quod
2316 1535 2388 1561 suo
2415 1536 2509 1575 quo-

620 1586 714 1624 dam
741 1598 866 1625 onere
895 1591 1030 1625 careat
1065 1592 1235 1639 excepto
1271 1587 1436 1625 deorum
1472 1586 1659 1640 imperio,
1694 1600 1788 1626 nam
1822 1586 1926 1625 liber
1959 1599 2076 1626 nemo
2104 1591 2167 1626 est
2192 1586 2269 1625 nisi
2294 1586 2507 1641 Juppiter“

618 1652 730 1702 (nam
758 1652 914 1699 ἐπαχθῆ
946 1649 1100 1691 Stanlei
1127 1665 1200 1705 pro
1232 1651 1425 1691 librorum
1458 1658 1499 1692 et
1530 1652 1755 1693 scholiastae
1786 1654 1960 1695 lectione
1986 1655 2164 1704 ἐπράχθη
2192 1653 2509 1693 emendationem

621 1716 809 1771 equidem
834 1723 986 1758 certam
1013 1717 1183 1770 habeo):
1211 1717 1386 1758 Volcani
1414 1718 1540 1758 verba
1568 1733 1656 1772 quae
1686 1725 1907 1772 sequuntur

923 1840 1075 1889 ἔγνωκα
1101 1843 1246 1885 τοῖσδε,
1276 1840 1416 1878 κούδὲν
1442 1841 1629 1878 ἀντειπεῖν
1657 1840 1735 1885 ἔχω

619 1975 666 2000 eo
695 1960 867 2001 maxime
896 1960 1069 2001 obscura
1095 1961 1162 2001 vel
1189 1960 1289 2002 adeo
1320 1965 1506 2013 corrupta
1532 1958 1620 1999 visa
1648 1966 1755 2010 sunt,
1791 1959 1896 2014 quod
1924 1962 2048 1999 τοῖσδε
2076 1959 2174 1999 illud
2202 1973 2280 2013 quo
2308 1966 2511 2012 spectaret

619 2040 701 2066 non
729 2027 828 2066 satis
854 2026 1106 2067 intellectum
1133 2034 1208 2067 est.
1262 2026 1467 2079 Intellegit
1492 2033 1643 2077 autem,
1672 2026 1712 2065 ni
1739 2026 1879 2076 fallor,
1913 2025 2115 2065 Volcanus
2142 2024 2325 2070 vincula,
2355 2039 2442 2079 quae
2469 2024 2511 2065 in

620 2092 805 2132 manibus
833 2098 963 2142 tenet,
992 2106 1160 2146 quaeque
1187 2099 1416 2132 monstrans
1444 2099 1484 2133 et
1509 2093 1550 2131 in
1578 2094 1701 2132 altum
1728 2092 1925 2132 extollens
1948 2091 2162 2130 manifesta
2185 2091 2406 2139 servitutis,
2433 2105 2512 2145 qua

621 2171 761 2197 omnes
803 2158 866 2197 dei
908 2164 1076 2212 excepto
1117 2157 1224 2198 Jove
1261 2158 1550 2212 opprimantur,
1601 2158 1718 2210 signa
1758 2171 1847 2197 esse
1888 2171 1969 2197 non
2010 2158 2095 2197 sine
2136 2156 2352 2196 acerbitate
2390 2156 2511 2196 animi

621 2222 780 2262 clamat.
834 2223 868 2262 F
871 2222 1011 2262 initam
1047 2229 1183 2263 autem
1220 2237 1311 2264 esse
1350 2224 1452 2262 hanc
1488 2218 1537 2262 de
1574 2223 1691 2263 Jovis
1728 2222 1907 2276 potentia
1943 2222 2277 2276 disceptationem
2312 2221 2513 2274 significat

621 2288 779 2327 verbis:
807 2290 1166 2328 κούδεν·ἆντειπεῖν
1192 2288 1291 2336 ἔχω,
1321 2289 1362 2328 in
1390 2289 1531 2342 quibus
1559 2290 1627 2342 qui
1654 2290 1704 2328 ad
1730 2289 1970 2330 infinitivum
1993 2289 2243 2342 supplendus
2267 2294 2330 2327 est
2354 2288 2511 2328 dativus

621 2352 758 2392 nescio
786 2367 837 2392 an
865 2353 1008 2393 fortius
1037 2353 1157 2394 etiam
1186 2360 1226 2394 et
1254 2354 1472 2408 simplicius
1500 2370 1620 2409 quam
1656 2361 1700 2395 ut
1734 2355 1856 2408 vulgo
1884 2355 1946 2406 fit,
1984 2362 2066 2401 ool,
2104 2353 2353 2407 supplendus
2381 2353 2512 2406 potius

622 2417 674 2458 sit
709 2420 853 2463 αὐτοῖς,
893 2425 937 2458 ut
970 2419 1152 2472 ipsorum
1188 2420 1439 2461 vinculorum
1468 2422 1701 2462 necessitati
1737 2436 1852 2462 suum
1890 2435 1932 2461 se
1966 2420 2175 2461 arbitrium
2202 2433 2405 2474 opponere
2433 2434 2513 2462 non

622 2498 743 2536 posse
771 2491 963 2537 queratur
989 2485 1205 2525 Volcanus.
1261 2486 1386 2526 Cuius
1425 2488 1616 2527 cavillans
1644 2501 1855 2527 maerorem
1883 2487 2023 2527 Robur
2052 2485 2192 2533 eodem
2219 2485 2261 2525 in
2288 2484 2513 2525 describen-

623 2549 683 2589 dis
710 2549 885 2590 vinculis
912 2551 1148 2604 pronomine
1182 2552 1240 2592 uti
1276 2552 1450 2603 videtur,
1488 2553 1519 2592 si
1560 2553 1721 2607 quidem
1759 2553 1930 2593 Medicei
1967 2553 2059 2592 libri
2098 2552 2376 2592 auctoritatem
2405 2558 2514 2591 recte

622 2622 799 2666 tuemur,
828 2617 869 2655 in
897 2631 975 2669 quo
1003 2616 1196 2671 scriptum
1224 2624 1310 2658 est:

930 2727 1076 2767 οὔκουν
1102 2730 1240 2775 ἐπείξει
1270 2746 1285 2767 τ
1298 2732 1329 2767 ὦ
1341 2745 1360 2767 ν
1371 2731 1392 2767 δ
1403 2745 1419 2767 ε
1445 2732 1466 2767 δ
1477 2744 1492 2767 ε
1505 2746 1567 2778 σμ
1578 2730 1604 2768 εὶ
1631 2734 1851 2779 περιβαλεῖν
1866 2745 1880 2775 ,·

625 2835 662 2873 h.
693 2850 726 2875 e.
759 2850 914 2884 „nonne
942 2836 1066 2889 igitur
1093 2838 1330 2891 properabis
1357 2840 1692 2893 ferramentorum
1722 2839 1888 2879 istorum
1916 2840 2106 2891 ligamina
2134 2838 2393 2877 circumicere
2410 2838 2453 2875 ‘2⁶⁴

2953 2010 2955 2013 ,
2928 1777 2956 1998 »ἱ-ζζζ-ζζῗᾳ
2927 1734 2956 1795 NJ..-
2926 1087 2956 1720 .....-.....⁴.--.---—-———·--———-—--⁴*
2943 1027 2948 1084 --
2932 975 2948 1021 ’λ’

2950 2138 2957 2273 «m,-
2953 2041 2957 2121 -..ευρ

2925 2194 2946 2317 ,ἣμ-
2929 2170 2931 2186 ε
