2899 3743
382 525 460 564 614
479 527 511 562 1.
530 519 564 563 ὦ
581 522 717 561 κοινὸν
732 524 923 571 ὠφέλημα
941 525 1139 569 θνητοῖσιν
1154 527 1307 568 φανείς,
1335 520 1412 560 623
1439 525 1471 559 1.
1497 525 1566 557 καὶ
1591 519 1686 567 πρός
1710 534 1755 567 γε
1780 519 1924 563 τούτοις
1942 526 2065 568 τέρμα
2091 523 2153 566 τῆς
2177 525 2272 567 ἐμῆς

2077 584 2221 633 πλάνης

425 657 569 703 τλῆμον
582 655 811 702 Προμηθεῦ,
829 655 897 689 τοῦ
910 654 1022 698 δίκην
1035 652 1197 697 πάσχεις
1208 651 1296 689 τάδε
1306 681 1318 700 ,
1385 651 1510 696 δεῖξον
1521 656 1577 695 τίς
1593 649 1702 690 ἔσται
1718 652 1762 701 τῇ
1779 650 2013 699 ταλαιπώρῳ
2029 651 2182 700 χρόνος.

384 722 434 757 Π.
462 719 593 768 ἁρμοῖ
611 725 813 766 πέπαυμαι
829 717 915 761 τούς
933 717 1053 766 ἐμούς
1072 717 1227 765 θρηνῶν
1248 716 1321 755 πό·-
1429 717 1478 753 Π.
1502 714 1546 754 τὸ
1563 715 1618 764 μὴ
1636 719 1781 764 μαθεῖν
1801 730 1867 754 σοι
1885 723 2070 764 κρεῖσσον
2089 717 2113 762 ἧ
2129 721 2275 765 μαθεῖν

516 791 518 793 ’
1033 789 1036 790 ’
1165 795 1268 825 vove.
2122 781 2222 822 τάδε.

410 854 436 887 1
437 880 445 887 .
475 847 620 887 οὔκουν
638 848 776 897 πόροις
792 849 843 885 ἄν
860 848 967 894 τήνδε
985 846 1136 896 δωρεὰν
1152 853 1263 896 “l-‘⁰13
1358 850 1394 883 Ι.
1407 846 1520 895 μήτοι
1527 859 1577 894 με
1588 845 1742 895 κρύψῃς
1751 846 1855 884 τοῦθ’
1870 846 1967 896 ὅπερ
1976 850 2105 896 μέλλω
2116 850 2271 886 παθεῖν.

385 918 435 952 Π.
472 914 546 963 λέγ’
559 912 671 960 ἥντιν’
689 917 804 951 αἰτεῖ·
824 915 903 951 πᾶν
918 911 994 962 γὰρ
1011 912 1061 951 ἂν
1077 911 1220 951 πύθοιό
1229 916 1321 961 μου.
1334 914 1387 951 Π.
1406 911 1532 949 ἀλλὀὄ
1547 916 1724 961 μεγαίρω
1735 913 1847 950 τοῦδέ
1861 926 1927 950 σοι
1943 913 2183 961 δωρήματος.

411 983 448 1018 Ι.
474 978 652 1029 σήμηνον
669 978 772 1023 ὅστις
790 984 833 1017 ἐν
850 978 1025 1028 φάραγγι
1045 978 1079 1016 σ’
1099 975 1295 1027 ὤχμασεν.
1359 978 1393 1013 Ι.
1410 980 1445 1013 τί
1460 976 1553 1023 δῆτα
1565 977 1714 1025 μέλλεις
1725 975 1781 1024 μὴ
1795 977 1844 1014 οὗ
1853 983 2098 1025 γεγωνίσκειν
2110 979 2151 1017 τὸ
2166 982 2245 1017 πᾶν
2256 994 2272 1026 ;

385 1045 465 1085 620
490 1047 544 1084 Π.
573 1044 775 1094 βούλευμα
798 1049 874 1093 μὲν
898 1043 941 1082 τὸ
966 1047 1082 1087 Δῖον,
1104 1044 1325 1089 “Ηφαίστου
1378 1071 1388 1080 .
1408 1041 1558 1088 φθόνος
1581 1047 1657 1089 μὲν
1683 1042 1826 1087 οὐδεὶς,
1864 1041 1935 1086 σὰς
1961 1043 2103 1081 δ’ὀκνῶ
2128 1045 2274 1093 θρᾱξαι

1113 1110 1155 1146 δὲ
1176 1113 1273 1155 χείρ.
2060 1119 2221 1157 φρένας,

412 1180 446 1214 Ι.
467 1176 612 1220 ’ποινὰς
630 1176 671 1213 δὲ
690 1181 813 1213 ποίων
830 1173 1281 1223 ἀμπλακημάτωντίνεις
1293 1184 1309 1217 ;
1336 1172 1414 1210 630
1439 1176 1470 1209 Ι.
1496 1173 1553 1221 μή
1578 1187 1657 1220 μου
1683 1173 1882 1221 προκήδου
1905 1174 2118 1221 μασσόνως
2145 1177 2169 1222 ἢ
2192 1177 2274 1225 ’μοι

2091 1242 2219 1285 γλυκύ.

390 1311 437 1346 Π.
466 1307 648 1346 τοσοῦτον
672 1307 784 1356 ἀρκῶ
801 1321 867 1345 σοι
884 1307 1106 1352 σαφηνίσαι
1122 1304 1259 1353 μόνον.
1337 1306 1387 1342 Π.
1421 1308 1499 1342 ἐπεὶ
1518 1307 1729 1352 προθυμεῖ,
1749 1305 1823 1352 χρὴ
1843 1308 1980 1354 λέγειν·
1997 1306 2118 1344 ἄκουε
2138 1307 2195 1353 δή.

488 1448 630 1487 Habes
657 1448 975 1498 interrogantem
1001 1444 1049 1483 Io
1073 1457 1113 1482 v.
1140 1445 1218 1483 614
1243 1456 1301 1496 sq.
1330 1448 1371 1482 et
1397 1444 1469 1482 623
1497 1456 1576 1495 sq„
1613 1449 1868 1483 recusantem
1888 1444 2174 1485 Prometheum
2199 1449 2275 1486 616

391 1518 430 1553 et
455 1514 548 1561 625,
587 1511 719 1552 acrius
755 1512 971 1551 instantem
1004 1510 1115 1549 illam
1150 1510 1225 1548 617
1257 1514 1297 1547 et
1328 1510 1420 1556 626,
1459 1508 1746 1548 concedentem
1773 1509 1878 1549 hunc
1905 1512 1980 1550 618
2006 1518 2046 1550 et
2072 1514 2166 1561 629,
2203 1512 2274 1552 ite-

390 1584 547 1619 rantem
574 1575 746 1630 denique
773 1575 880 1630 quod
905 1576 1225 1628 interrogaverat
1240 1574 1442 1627 virginem
1463 1575 1537 1614 619
1563 1580 1606 1614 et
1629 1577 1718 1614 628.
1756 1575 1844 1614 Iam
1863 1576 1984 1615 trium
2004 1586 2275 1618 extremorum

390 1657 581 1685 versuum
608 1643 777 1683 diversae
805 1640 1014 1682 sententiae
1043 1646 1151 1692 sunt,
1190 1640 1284 1695 quia
1317 1639 1367 1680 de
1403 1640 1602 1680 erroribus
1629 1640 1742 1681 Ionis
1777 1655 1854 1682 nec
1890 1648 1973 1682 tam
1999 1641 2175 1684 breviter
2201 1658 2277 1685 nec

392 1712 528 1752 statim
553 1710 763 1750 absolvere
790 1709 914 1749 voluit
940 1715 1071 1761 poeta.
1124 1708 1282 1748 Horum
1317 1709 1493 1761 ipsorum
1527 1714 1663 1748 autem
1695 1709 1975 1749 vaticiniorum
2003 1711 2107 1764 parti
2133 1711 2183 1751 ad
2210 1712 2276 1752 ab·

394 1775 628 1817 solvendam
654 1774 832 1815 fabulam
858 1773 1107 1827 gravissimae
1134 1774 1387 1828 praemissum
1424 1780 1481 1813 est
1508 1774 1765 1814 memorabile
1792 1775 1889 1814 illud
1919 1775 2161 1826 diverbium,
2198 1792 2276 1830 quo

395 1842 444 1883 de
469 1842 587 1882 Jovis
613 1843 748 1881 futura
775 1840 890 1881 clade
925 1841 1140 1893 aenigmata
1173 1839 1349 1893 stupenti
1384 1839 1531 1892 virgini
1567 1853 1733 1879 consors
1770 1840 1968 1880 malorum
2004 1848 2045 1881 et
2071 1841 2152 1882 odii
2178 1842 2276 1883 dens

394 1907 582 1962 proponit
604 1908 698 1959 (743
714 1931 761 1938 —-
777 1907 881 1958 ¹282).
931 1907 994 1946 Ac
1021 1906 1194 1959 primum
1222 1905 1385 1958 quidem
1410 1911 1622 1958 postquam
1647 1907 1886 1957 prooemium
1914 1907 2021 1959 quod
2047 1907 2143 1947 dicit
2171 1909 2278 1948 labo·

393 1987 483 2015 rum
516 1974 626 2013 Ionis
653 1973 919 2013 Prometheus
953 1972 1015 2012 his
1048 1971 1185 2011 verbis
1218 1970 1410 2012 conclusit
1443 1971 1574 2023 (741):
1626 1971 1694 2017 οιῖς
1719 1972 1793 2021 γᾶρ
1821 1976 1890 2011 νῦν
1917 1974 2093 2021 ἀκήκοας
2119 1976 2276 2025 λόγους,

394 2040 511 2079 Εἶναι
537 2042 643 2078 δόκει
670 2045 734 2077 σοι
759 2041 919 2089 μηδέπω
943 2039 977 2076 ’ν
1004 2043 1246 2087 προοιμίοις,
1272 2042 1386 2076 tanta
1412 2043 1472 2076 est
1495 2036 1608 2077 Ionis
1630 2037 1894 2089 perturbatio,
1921 2045 1965 2078 ut
1981 2039 2080 2079 nihil
2100 2042 2279 2093 proferat

395 2118 515 2158 quam
540 2105 769 2144 dochmium
821 2104 867 2142 ἰώ
893 2120 965 2153 μοι
989 2119 1060 2153 μοι
1087 2104 1106 2142 ἒ
1130 2102 1152 2141 ἔ
1192 2103 1324 2153 (743);
1365 2108 1451 2142 tum
1475 2102 1630 2141 duobus
1657 2103 1866 2142 versiculis
1894 2104 2160 2145 Prometheus
2186 2107 2277 2159 plus

395 2171 515 2210 etiam
533 2176 687 2209 restare
708 2168 906 2208 malorum
935 2167 1135 2220 significat
1160 2181 1319 2220 unoque
1347 2174 1439 2221 post
1464 2181 1587 2206 unum
1613 2167 1899 2221 interrogantis
1929 2170 2039 2209 chori
2065 2171 2157 2210 huic
2185 2185 2278 2224 quo-

396 2248 472 2290 que
493 2234 714 2275 confirmat.
766 2233 854 2273 Iam
880 2233 936 2273 ita
962 2232 1126 2285 collegit
1151 2231 1327 2272 animum
1348 2232 1411 2282 10,
1439 2238 1480 2272 ut
1504 2232 1679 2287 quinque
1702 2234 1885 2274 versibus
1912 2236 2110 2276 continuis
2138 2238 2277 2290 (quem

394 2314 604 2340 numerum
633 2314 729 2340 num
760 2300 863 2339 forte
901 2299 953 2338 ad
986 2298 1160 2352 quinque
1187 2311 1378 2338 versuum
1415 2300 1649 2351 solutorum,
1689 2300 1759 2355 qui
1794 2301 2043 2356 praecedunt,
2082 2303 2278 2345 rationem

395 2367 589 2422 quadrare
618 2367 787 2407 voluerit
816 2372 954 2420 poeta,
994 2380 1076 2406 non
1113 2366 1305 2417 decerno)
1338 2372 1506 2406 mortem
1543 2367 1587 2406 in
1620 2367 1711 2406 vitae
1747 2374 1831 2407 tam
1862 2368 2018 2408 miserae
2045 2369 2173 2409 vicem
2202 2371 2277 2411 sibi

396 2440 575 2487 exoptet,
613 2434 754 2486 hisque
782 2439 889 2473 certe
915 2431 1164 2486 respondent
1187 2432 1355 2472 totidem
1381 2432 1610 2473 Promethei
1636 2448 1797 2484 versuS,
1835 2435 1903 2487 qui
1935 2449 2030 2474 suas
2063 2449 2128 2475 res
2162 2437 2276 2476 mise-

395 2502 523 2541 riores
556 2514 604 2539 ac
637 2499 777 2539 mortis
812 2499 932 2539 etiam
967 2512 1038 2551 spe
1071 2498 1282 2538 destitutas
1314 2512 1405 2538 esse
1437 2512 1604 2538 monens
1635 2498 1794 2540 unicam
1822 2501 1989 2540 salutem
2017 2501 2134 2542 Jovis
2162 2504 2277 2543 ruina

397 2565 472 2606 sibi
502 2565 636 2605 afferri
670 2579 790 2618 posse
822 2565 957 2604 iactat.
1012 2565 1140 2618 quue
1173 2580 1251 2618 quo
1284 2565 1402 2604 modo
1435 2566 1518 2603 fieri
1550 2565 1677 2617 possit
1708 2566 1994 2619 pedetemptim
2028 2581 2101 2621 per
2134 2569 2280 2621 viginti·

396 2632 572 2685 quinque
600 2631 883 2671 alternantium
909 2630 1111 2669 trimetros
1144 2631 1403 2681 (758—781)
1427 2630 1673 2682 disquiritur,
1711 2644 1880 2683 quorum
1917 2631 2015 2672 duos
2051 2640 2277 2686 postremos

397 2697 602 2736 continuat
626 2695 908 2745 Prometheus,
936 2701 980 2734 ut
1006 2694 1179 2734 duodeni
1207 2694 1287 2734 sint
1312 2694 1476 2735 alterius
1502 2694 1630 2734 utrius
1659 2708 1877 2735 sermones.

497 2762 642 2803 Restat
668 2762 777 2802 solus
804 2761 1087 2810 Mercurius,
1127 2761 1238 2801 cuius
1269 2762 1310 2800 in
1344 2762 1470 2802 exodo
1500 2762 1647 2802 fabulae
1678 2768 1902 2814 anapaestos
1936 2777 2015 2819 qua
2048 2765 2277 2818 Aeschylus

396 2834 482 2868 arte
510 2827 773 2877 ordinaverit,
811 2827 922 2878 olim,
958 2833 1003 2867 ut
1030 2826 1221 2878 diximus,
1257 2827 1501 2869 intellectum
1537 2834 1608 2868 est.
1662 2827 1875 2868 Difficilius
1913 2836 1977 2869 est
2012 2830 2278 2884 investigatu,

398 2907 518 2947 quam
545 2896 586 2934 in
614 2893 872 2948 disponendis
900 2893 1043 2934 iambis
1077 2907 1101 2933 a
1137 2907 1176 2932 v.
1212 2894 1288 2932 948
1324 2892 1375 2933 ad
1411 2894 1510 2934 1010
1539 2892 1735 2934 rationem
1763 2901 1882 2948 poeta
1909 2902 2071 2936 secutus
2100 2898 2162 2937 sit.
2217 2899 2278 2937 Ac

2013 2983 2031 3014 2
