2899 3743
1155 345 1423 421 -5‘-

349 499 456 539 Nam
487 499 572 538 haec
606 496 788 551 quidem,
829 497 943 535 τῶνδε
975 494 1123 545 δεσμά,
1160 492 1350 546 coniungi
1381 492 1504 533 multo
1526 490 1647 532 etiam
1676 490 1833 532 facilius
1866 496 2083 543 potuerunt
2109 504 2229 543 quam

349 563 458 617 quod
481 577 520 603 v.
547 564 573 602 6
597 561 746 615 legitur
771 562 1045 610 ἀδαμαντίνων
1070 562 1228 607 δεσμόν
1252 564 1295 598 ἐν
1321 559 1526 609 ἀρρήκτοις
1551 561 1696 603 πέδαις.
1744 557 1799 597 Et
1825 556 1949 596 habet
1975 556 2052 595 hoe
2077 555 2228 604 Robur,

349 634 395 669 ut
419 626 637 669 insultandi
664 639 788 667 causa
813 624 984 666 eandem
1010 637 1091 678 qua
1114 623 1320 664 Volcanus
1346 637 1443 664 usus
1469 628 1559 664 erat
1582 636 1724 663 vocem
1752 621 1888 663 statim
1914 626 2089 675 repetat:

501 751 539 776 v.
567 737 630 776 66.
684 739 774 776 ΗΦ.
825 740 917 773 αἰαῖ
938 736 1178 784 Προμηθεῦ,
1204 736 1286 772 σῶν
1311 735 1431 782 ὑπὲρ
1458 741 1601 772 στένω
1627 733 1768 771 πόνων.

686 803 769 840 KP.
827 800 875 839 σύ
902 800 934 837 δ’
963 795 1015 838 αὖ
1041 807 1237 844 κατοκνεῖς
1262 800 1336 837 τῶν
1363 799 1456 843 Διός
1484 799 1516 836 τ’
1542 799 1696 849 ἐχθρῶν
1723 799 1838 847 ὕπερ

828 872 1036 912 στένεις,·
1276 914 1297 937 *

502 979 539 1004 v.
559 966 622 1005 69.
676 969 764 1005 ΗΦ.
818 967 946 1014 ὁρᾷς
973 968 1107 1014 θέαμα
1134 967 1348 1003 δυσθέατον
1373 963 1563 1013 ὄμμασιν.

681 1034 765 1070 ΚΡ.
822 1033 917 1082 ὁρῶ
943 1033 1136 1080 κυροῦντα
1160 1030 1269 1069 τόνδε
1295 1032 1370 1068 τῶν
1394 1029 1573 1075 ἐπαξίων.

1278 1097 1300 1120 a

504 1162 541 1187 V.
562 1148 622 1187 72.
677 1150 765 1186 ΗΦ.
819 1150 918 1197 §guz-v
945 1148 1041 1186 vassi
1069 1146 1232 1196 ἀνάγκη,
1259 1148 1383 1196 μηδὲν
1409 1148 1620 1196 ἐγκέλευ’
1647 1145 1758 1195 ἄγαν.

685 1218 767 1252 KP.
821 1211 846 1262 ἧ
871 1215 950 1265 μήν
976 1214 1192 1253 κελεύσω
1220 1212 1453 1257 κάπιδωΰξω
1479 1226 1519 1261 γε
1545 1211 1653 1261 πρός.

456 1324 579 1365 Cuius
610 1331 746 1365 tamen
777 1323 918 1376 figurae
955 1322 1016 1362 vis
1053 1336 1104 1362 ne
1139 1322 1442 1374 infringeretur,
1478 1320 1701 1360 servandus
1729 1327 1817 1361 erat
1842 1335 1930 1361 cum
1958 1321 2172 1362 Dindorfio
2201 1323 2234 1361 is

354 1392 570 1433 verborum
595 1391 713 1441 ordo,
751 1391 863 1431 cuius
891 1396 931 1430 et
957 1388 1164 1429 Mediceus
1192 1394 1232 1428 et
1257 1402 1347 1427 cum
1375 1387 1460 1427 aliis
1490 1364 1831 1439 Guelferbytanus
1857 1393 1983 1428 testes
2009 1394 2121 1438 sunt,
2160 1402 2235 1428 nec

354 1457 541 1499 audiendi
569 1457 803 1508 deteriores,
838 1456 907 1496 ubi
942 1455 1068 1505 δεσμὰ
1104 1457 1196 1504 τῷδε
1230 1454 1390 1506 legitur.
1442 1454 1569 1493 Hoc
1558 1467 1689 1506 1psum
1717 1452 1888 1506 denique
1914 1456 2023 1502 τῷδε,
2060 1453 2205 1507 quod
2194 1468 2234 1492 m

355 1525 498 1565 ceteris
526 1530 694 1578 excepto
721 1523 901 1565 Mediceo
936 1522 1234 1577 exemplaribus
1269 1521 1454 1562 omnibus
1491 1526 1617 1573 extat,
1657 1520 1884 1562 coniectura
1918 1521 2109 1575 scriptum
2147 1536 2234 1562 esse

355 1590 529 1630 arbitror
555 1591 605 1629 ab
632 1590 709 1640 eis,
738 1590 805 1643 qui
832 1593 947 1628 τῶνδε
974 1588 1070 1642 quid
1097 1589 1175 1628 sibi
1198 1588 1324 1628 vellet
1349 1601 1429 1627 non
1454 1587 1747 1640 intellegerent.

456 1655 538 1698 Sed
570 1671 712 1697 versus
746 1657 795 1696 51
829 1656 1070 1696 sententiam
1097 1655 1130 1695 si
1157 1661 1268 1695 recte
1296 1654 1585 1705 intelleximus,
1623 1660 1790 1708 apparet
1820 1654 1950 1695 minus
1980 1661 2089 1694 recte
2117 1655 2236 1694 inter-

357 1727 491 1775 pretes
516 1733 555 1760 v.
584 1723 634 1761 54

714 1804 780 1835 καὶ
806 1797 851 1845 ὃή
878 1798 1069 1849 πρόχειρα
1095 1797 1224 1845 ψάλια
1252 1801 1459 1847 δέρκεσθαι
1485 1798 1593 1848 πάρα

358 1904 483 1951 ψάλια
508 1903 559 1943 ad
584 1903 816 1943 universum
844 1909 1075 1943 catenarum
1101 1917 1228 1956 genus
1253 1903 1464 1944 rettulisse.
1503 1903 1631 1943 Immo
1650 1902 1838 1957 quoniam
1856 1917 1880 1942 a
1896 1903 2027 1956 capite
2044 1903 2096 1942 ad
2114 1904 2239 1957 pedes

358 1969 603 2011 descendere
631 1971 673 2010 in
702 1970 915 2011 vinciendo
943 1970 1184 2011 Prometheo
1211 1970 1434 2011 Volcanum
1461 1971 1538 2020 eis,
1575 1984 1662 2023 quae
1691 1976 1926 2023 sequuntur,
1963 1970 2110 2020 elucet,
2143 1978 2239 2010 tam-

358 2050 478 2090 quam
494 2050 622 2076 oreae
648 2038 761 2088 (nam
781 2037 1012 2087 περιστόμια
1034 2052 1107 2075 των
1133 2039 1259 2075 ἵππων
1286 2037 1405 2076 etiam
1431 2036 1646 2076 scholiasta
1671 2036 1799 2083 ψάλια
1826 2036 2019 2089 explicat]
2044 2037 2112 2076 vel
2137 2037 2240 2076 freni

360 2102 461 2141 collo
483 2102 655 2154 primum
677 2101 949 2142 circumdandi
974 2108 1089 2141 erant
1111 2115 1260 2154 eosque
1288 2086 1469 2141 manibus
1499 2102 1581 2141 iam
1608 2115 1652 2140 se
1679 2107 1853 2141 tractare
1882 2102 1980 2142 deus
2007 2103 2122 2142 faber
2151 2117 2240 2142 con-

294 2166 296 2170 ⁴
359 2166 498 2206 tendit.
542 2166 673 2214 Quem
700 2168 876 2220 ineptius
905 2167 1024 2207 etiam
1049 2181 1130 2206 non
1149 2173 1313 2208 veteres
1341 2173 1495 2207 tantum
1521 2167 1599 2217 his,
1628 2181 1716 2220 quae
1745 2168 1878 2207 statim
1906 2174 2126 2221 sequuntur

717 2277 848 2325 λαβών
874 2293 933 2315 νιν
958 2278 1066 2326 ἀμφὶ
1092 2283 1225 2326 χερσὶν
1252 2283 1429 2327 ἐγκρατεῖ
1450 2282 1581 2316 σθένει

715 2345 894 2397 ῥαιστῆρι
921 2346 1043 2387 θεῖνε,
1071 2343 1291 2382 πασσάλευε
1318 2344 1416 2393 πρὸς
1440 2351 1594 2393 πέτραις

362 2454 515 2496 moneri
542 2458 805 2506 putaverunt,
841 2459 884 2493 ut
918 2453 1080 2493 vincula
1113 2453 1276 2493 tandem
1313 2455 1509 2507 arriperet
1537 2454 1799 2506 manibusque
1828 2454 2056 2494 Promethei
2079 2456 2243 2494 circum-

362 2519 500 2558 iceret.
554 2516 634 2567 Qui
662 2518 767 2558 enim
795 2532 938 2572 parere
967 2533 1009 2559 se
1035 2518 1152 2559 ,Iovis
1187 2519 1356 2573 imperio
1392 2533 1427 2559 v,
1462 2522 1512 2560 54
1546 2519 1694 2559 iactare
1730 2520 1928 2572 potuisset
1954 2519 2173 2569 Volcanus,
2212 2521 2244 2559 si

363 2585 627 2624 instrumenta
653 2584 834 2637 obsequii
871 2586 980 2638 (quae
1009 2586 1145 2625 statim
1172 2585 1403 2638 ingrediens
1432 2599 1601 2625 scaenam
1628 2584 1806 2624 tenuisse
1836 2585 2048 2638 fingendus
2077 2586 2158 2638 est]
2195 2601 2245 2626 ne

363 2650 547 2690 manibus
585 2650 745 2702 quidem
782 2650 912 2690 adhuc
945 2652 1131 2691 teneret?
1170 2652 1453 2691 Prometheum
1481 2653 1612 2704 potius
1640 2651 1706 2690 vel
1732 2651 1896 2690 brachia
1923 2657 1963 2690 et
1990 2665 2133 2691 manus
2161 2654 2246 2693 eius

364 2716 705 2769 comprehendere
733 2729 880 2769 easque
908 2722 1116 2769 percutere
1145 2723 1185 2757 et
1212 2717 1376 2770 scopulo
1403 2716 1580 2769 adfigere
1607 2717 1788 2757 iubetur:

642 2825 736 2865 Nun
765 2826 868 2879 pack
896 2827 965 2866 ihn
992 2841 1059 2866 um
1089 2826 1152 2866 die
1181 2827 1347 2878 Hande,
1374 2827 1454 2868 und
1480 2827 1552 2866 mit
1578 2828 1799 2880 macht'ger
1826 2829 1947 2868 Kraft

643 2891 728 2929 Des
757 2892 972 2932 Hammers
1002 2892 1185 2944 schlage,
1215 2892 1348 2945 pflock
1376 2893 1445 2933 ihn
1472 2907 1523 2932 an
1552 2892 1615 2932 die
1644 2892 1923 2934 Felsenwand.

2888 391 2899 546 *ura-an..
2896 367 2899 373 .
2888 223 2899 347 ...n-niamn
